3350 5264
734 459 796 524 121

213 639 341 706 Scilicet
367 643 512 707 oratione
541 641 663 710 indata¹
680 641 913 726 verborumque
944 645 1070 706 tumore
1101 641 1208 704 minus
1236 643 1308 703 tum

213 762 333 850 gaudet
357 763 582 828 Madaurensis
606 784 641 828 ac
664 762 846 849 philosophi
869 765 974 848 magis
996 765 1028 826 in
1052 761 1196 839 modurn,
1221 761 1310 846 quid-

215 905 290 954 nam
312 885 440 954 tandem
463 887 547 950 inter
571 884 644 949 deos
665 889 700 949 et
723 883 888 950 daemones
909 886 1046 962 intersit,
1071 883 1198 949 definire
1221 903 1310 948 cona·

215 1011 278 1073 1111.
311 1006 417 1091 Atque
449 1006 521 1071 deos
551 1006 661 1070 eodem
691 1027 817 1090 semper
845 1008 963 1072 mentis
987 1027 1053 1071 esse
1076 1011 1162 1071 statu
1185 1006 1228 1071 ib.
1256 1005 1308 1083 12,

216 1129 383 1193 daemones
406 1149 482 1194 vero
506 1132 612 1193 omnia
635 1130 817 1210 animorum
836 1128 1033 1214 placamenta
1054 1134 1085 1192 et
1103 1130 1312 1198 incitamenta¹

215 1253 283 1335 pati
313 1260 471 1316 asseverat
500 1251 541 1314 ib.
570 1249 621 1329 13,
654 1250 737 1316 unde
762 1253 860 1315 etiam
883 1249 1079 1336 religionum
1103 1248 1240 1319 diversis,
1259 1249 1311 1312 ob·

215 1371 446 1436 servationibus
469 1376 501 1434 et
521 1389 681 1435 sacrorum
701 1373 799 1436 variis
819 1370 986 1456 suppliciis
1005 1370 1081 1435 fides
1098 1367 1311 1454 impertienda

215 1495 267 1561 sit.
303 1491 379 1557 lissa
415 1494 500 1556 enirn
533 1491 701 1560 nonnullos
736 1514 774 1557 11
809 1493 869 1556 hoc
901 1493 1049 1557 divorum
1080 1512 1223 1567 numero,
1255 1491 1311 1574 qui

215 1617 378 1679 nocturnis
401 1613 454 1679 vel
478 1615 609 1692 diurnis,
633 1617 790 1700 promptis
813 1613 866 1678 vel
889 1613 1031 1690 occultis,
1052 1611 1238 1684 laetioribus
1258 1609 1311 1684 vel

215 1736 408 1800 tristioribus
440 1735 552 1800 hostiis
584 1734 637 1800 vel
669 1737 868 1800 caerimoniis
899 1735 950 1800 vol
986 1735 1101 1798 ritibus
1133 1732 1311 1818 gaudeant,

216 1859 266 1921 uti
289 1859 441 1943 aegyptia
464 1859 597 1921 numina
621 1857 719 1922 ferme
743 1857 959 1944 plangoribus,
984 1876 1097 1942 graeca
1124 1854 1311 1940 plerumque

217 1977 350 2054 choreis,
383 1977 512 2042 barbara
542 1984 649 2057 autern
680 1981 816 2063 strepitu
848 1977 1111 2064 cymbalistarum
1134 1981 1165 2041 et
1189 1982 1313 2062 tympa

216 2102 373 2164 nistarum
416 2106 447 2164 et
480 2099 710 2184 choraularurn.
736 2099 870 2165 -ltidem
905 2121 961 2185 pro
996 2100 1178 2186 regionibus
1213 2101 1312 2164 etiam

217 2241 407 2306 pomparum
431 2223 561 2306 agmina
584 2241 619 2286 ac
641 2207 870 2306 mysteriorum
894 2221 1021 2286 silentia
1043 2215 1139 2306 longa
1159 2221 1313 2286 varietate

218 2341 350 2418 differre,
374 2342 416 2406 ib.
444 2341 494 2406 14.
520 2341 606 2421 Quae
630 2364 700 2406 curn
722 2345 859 2418 1111111,
879 2363 953 2406 cum
972 2345 1105 2406 numina
1125 2342 1312 2428 aegyptiaca

217 2485 274 2549 pro
305 2463 511 2528 daemonibus
540 2485 606 2529 esse
630 2465 782 2542 habende,
806 2477 943 2550 cumque
966 2465 1157 2530 daemonum
1180 2481 1312 2550 magnas

217 2588 252 2649 in
275 2587 437 2672 mysteriis
461 2606 526 2650 esse
549 2591 654 2670 partes
678 2586 792 2650 diserte
814 2585 897 2650 dicat
920 2588 987 2670 ipsc
1013 2585 1167 2671 Apuleius
1183 2584 1215 2666 ¹),
1238 2607 1310 2662 vox,

219 2706 306 2784 „dii”
335 2727 371 2771 eo
394 2727 517 2790 quoque
540 2705 618 2782 loco,
643 2709 695 2771 oui
718 2705 902 2792 explicando
926 2727 1054 2791 operam
1078 2727 1242 2780 navamus,
1267 2707 1312 2768 ni-

218 2831 280 2892 mis
302 2827 469 2914 urguenda
492 2849 554 2892 non
579 2833 636 2892 est.

263 2949 325 3014 Sed
356 2949 393 3012 de
423 2952 551 3013 nomine
575 2952 668 3027 satis;
693 2971 761 3013 rem
782 2951 886 3035 ipsam
909 2950 1146 3036 aggrediamur,
1171 2971 1213 3014 sc.
1239 2971 1314 3035 quo-

218 3071 312 3136 modo
355 3073 422 3136 sive
467 3071 597 3135 deorum
640 3069 805 3156 adspectus
839 3073 907 3135 sive
941 3071 1143 3148 daemonum,
1178 3073 1313 3143 initiatis

219 3193 354 3257 daretur.
376 3193 480 3277 Atque
500 3198 532 3257 et
552 3192 604 3256 hic
625 3194 784 3278 optimum
804 3193 940 3272 videtur,
960 3193 1068 3258 locum
1085 3215 1124 3258 ex
1143 3193 1230 3259 Plut.
1251 3195 1312 3280 frg.

174 3323 179 3333 '
220 3313 257 3378 de
281 3334 331 3378 en.
352 3312 383 3389 2,
407 3315 473 3377 iam
497 3310 574 3396 §17
595 3319 627 3377 et
650 3315 667 3397 §
689 3312 731 3377 20
752 3313 896 3391 allatum,
918 3314 1031 3408 denuo,
1053 3315 1106 3380 sed
1126 3314 1313 3400 pleniorem,

219 3527 285 3592 poris
303 3525 457 3590 compedibus
475 3531 500 3574 et
516 3524 617 3573 neribus
632 3511 704 3573 liberi
721 3525 793 3574 certis
811 3525 973 3589 potestatibus
991 3531 1083 3574 curent.
1111 3525 1220 3589 Quorum
1238 3543 1250 3574 e
1269 3543 1312 3576 nu·

219 3626 285 3660 mero
309 3609 411 3657 Somnus
435 3614 508 3672 atque
531 3609 605 3655 Amor
623 3592 742 3655 diversam
760 3607 822 3656 inter
839 3624 864 3656 11
881 3607 930 3655 vim
949 3607 1080 3671 possident,
1096 3608 1172 3656 Amor
1189 3605 1315 3671 vigilandi,

219 3693 322 3741 Somnus
339 3689 475 3754 soporandi.
501 3688 535 3736 111
553 3689 600 3736 hec
617 3688 691 3752 igitur
708 3689 849 3738 sublimiore
866 3690 1010 3738 1111111111
1028 3689 1097 3754 copis
1115 3689 1186 3738 Plato
1204 3696 1315 3739 11111111

219 3774 320 3838 singulis
344 3773 483 3822 hominibus
507 3772 531 3819 in
554 3771 604 3820 vita
627 3772 721 3835 agenda
745 3778 818 3821 testes
842 3778 866 3820 et
889 3773 999 3820 custodes
1021 3772 1129 3836 singulos
1153 3773 1256 3831 additos,
1274 3773 1316 3838 qui

219 3857 310 3907 nemini
333 3855 456 3920 conspicui
478 3870 571 3919 semper
593 3855 673 3903 adsint
696 3855 781 3903 arbitri
805 3855 913 3904 omnium
936 3872 984 3904 non
1007 3857 1079 3904 modo
1102 3862 1211 3904 actorum
1233 3871 1315 3905 verum

219 3939 294 3989 1111111
311 3937 496 4001 cogitator·um.”
520 3935 557 3984 cf.
575 3951 636 3999 quae
654 3939 665 3998 §
684 3937 713 3986 15
732 3953 755 4000 p.
774 3937 804 3986 81
824 3952 859 4000 sq.
877 3937 906 3984 11
923 3937 993 4000 genio
1010 3937 1108 4001 proprio
1127 3939 1316 3988 observavimus.

254 4022 278 4080 1)
302 4019 340 4068 Of.
361 4019 401 4068 hic
418 4025 442 4068 et
460 4019 524 4068 Plat.
541 4018 622 4083 Symp.
639 4035 664 4083 p.
682 4019 730 4067 202
746 4035 780 4083 sq.
799 4015 840 4066 dale
858 4016 950 4067 τούτου
968 4022 1009 4080 (sc.
1028 4021 1073 4067 τοῦ
1089 4017 1224 4082 δαιμονίου)
1240 4020 1281 4069 nal
1299 4019 1313 4076 d

219 4101 326 4163 μαντικὴ
353 4105 424 4149 ariera
449 4101 527 4163 χωρεῖ
550 4099 593 4149 καὶ
614 4098 628 4156 ἦ
651 4106 698 4148 τῶν
722 4099 801 4162 ἱερέων
824 4098 904 4162 τέχνη
922 4106 970 4148 τῶν
988 4118 1017 4150 τε
1035 4099 1153 4162 περὶτὰς
1171 4099 1314 4158 111111καῖ

220 4185 267 4240 τὰς
290 4184 405 4239 τελετὰς.
428 4183 458 4232 ci.
482 4189 506 4232 11
529 4181 595 4232 Ρ111.
619 4183 655 4232 lle
679 4184 725 4233 def.
748 4183 1313 4248 111311111111.11111111311111

219 4266 286 4314 locos
312 4266 373 4326 §14
398 4281 422 4329 p.
446 4265 477 4313 65
503 4265 638 4314 attulimus.
662 4266 789 4318 Plutarchi
811 4266 978 4316 testimonium
1001 4267 1054 4315 ideo
1078 4267 1159 4330 magni
1182 4267 1315 4330 1111111111,

221 4347 286 4412 quod
312 4363 367 4396 eum
392 4354 416 4396 et
441 4346 526 4396 Isiaois
551 4348 672 4412 mysteriis
698 4349 772 4397 fuisse
798 4348 923 4398 initiatum
945 4364 992 4398 non
1016 4348 1067 4397 sine
1089 4365 1162 4398 cause
1178 4347 1315 4413 suspicatur

222 4431 318 4489 Menss,
336 4429 446 4494 Orpheus
462 4446 485 4494 p.
503 4432 519 4476 4
536 4430 591 4480 adn.
609 4431 641 4492 2).
