3350 5264
703 1263 725 1348 g
748 1259 798 1325 18.

381 1442 431 1507 Et
462 1442 626 1508 calcato
659 1443 942 1530 Proserpinae
972 1443 1131 1509 limine.

252 1625 430 1690 Inferorum
453 1625 505 1690 bic
527 1615 724 1691 mentionem
748 1626 826 1704 fieri,
847 1629 981 1706 1111111,
1002 1627 1087 1712 quod
1106 1645 1302 1703 moneamus,

206 1767 307 1832 neque
336 1747 464 1824 iniuria,
496 1749 559 1810 nisi
590 1749 698 1811 omnia
726 1768 782 1812 nos
806 1747 931 1826 fallunt,
956 1747 1112 1813 Dnnxuna
1134 1749 1167 1810 in
1190 1747 1303 1832 mysti-

206 1870 251 1932 cis
285 1865 403 1932 Isiacae
437 1865 604 1952 religionis
639 1867 838 1934 caerimoniis
872 1874 904 1934 et
939 1868 1011 1934 Orci
1044 1867 1304 1934 terriculamenta

207 1987 341 2052 initiatis
365 2009 432 2053 esse
455 1993 614 2054 ostentata
637 1989 810 2056 affirmavit
827 1989 860 2070 ¹).
892 1989 954 2055 Sed
977 1989 1137 2076 quomodo
1161 1990 1221 2054 hoc
1243 1989 1304 2054 fac-

207 2115 279 2174 tum
311 2112 362 2187 sit,
394 2111 567 2194 quaeritur.
604 2109 744 2189 Etenim,
777 2113 804 2176 11
828 2111 865 2178 de
889 2111 1084 2178 solemnibus
1107 2113 1237 2195 areanis,
1264 2109 1303 2176 ad

208 2251 288 2315 quae
314 2229 447 2315 plurimi
471 2231 727 2310 admitterentur,
751 2231 804 2297 hic
827 2237 987 2318 ageretur,
1011 2232 1147 2319 adytum
1170 2253 1245 2297 eum
1268 2235 1301 2296 in

208 2351 340 2417 modum
359 2356 506 2417 ornatum
526 2351 633 2430 fuisse,
655 2358 693 2417 ut
711 2353 849 2418 infernas
868 2353 1000 2420 referret
1019 2356 1174 2440 regiones,
1196 2375 1305 2438 quem-

208 2473 379 2540 admodum
403 2475 441 2539 de
465 2474 586 2562 templo
609 2474 809 2540 Eleusiniaco
832 2497 895 2540 non
914 2477 981 2540 sine
1001 2475 1139 2561 quadam
1159 2476 1306 2541 veritatis

208 2598 310 2681 specie
341 2597 474 2660 coniecit
505 2595 654 2661 Foecnnr
668 2596 705 2677 ⁹),
741 2596 832 2661 facile
864 2597 1021 2674 crederes;
1058 2596 1195 2683 singulis
1232 2617 1305 2663 vero

209 2717 374 2782 initiandis
405 2722 534 2782 tantum
567 2719 717 2795 scenicae,
742 2724 779 2782 ut
801 2720 848 2782 ita
871 2717 986 2796 dicam,
1010 2719 1307 2803 repraesentationis

210 2843 398 2924 apparatum
424 2859 490 2904 esse
514 2841 720 2916 instructum,
746 2859 764 2904 a
787 2859 862 2905 vero
886 2838 980 2925 plane
1003 2838 1159 2904 abhorret.

255 2959 317 3026 Sed
341 2959 498 3025 eiusmodi
523 2965 679 3045 apparatu
701 2959 794 3025 facile
816 2960 1019 3046 supersedere
1040 2964 1188 3045 poterant
1210 2979 1307 3025 sacer·
1343 2949 1346 2954 ¹

210 3083 308 3148 dotes.
344 3081 427 3162 Quid
451 3085 537 3146 enim
560 3081 771 3148 verisimilius
796 3088 853 3160 est,
879 3103 975 3167 quam
998 3086 1122 3168 mystas
1141 3084 1175 3145 in
1195 3102 1306 3146 somne
1371 3158 1373 3162 ¹

208 3203 275 3281 ille,
306 3207 339 3268 in
372 3225 467 3289 quem
498 3225 551 3286 eos
582 3203 736 3268 adductos
769 3223 835 3269 esse
866 3205 1064 3290 paragrapho
1088 3206 1234 3289 proxima
1257 3203 1307 3267 de-

210 3331 384 3390 monstrare
419 3329 522 3390 cenati
555 3347 677 3408 snmus,
709 3331 747 3389 111
771 3324 909 3390 aliarum
931 3345 1049 3404 rerum,
1074 3329 1118 3390 sic
1141 3331 1173 3390 et
1195 3325 1307 3390 infero

210 3467 284 3510 rum
305 3449 414 3512 inanes
438 3450 648 3532 quantumvis
672 3447 790 3512 vidisse
813 3445 954 3532 speciest
988 3427 1112 3533 Nempe
1133 3453 1166 3512 et
1189 3449 1306 3510 mentis

211 3588 314 3633 errore
338 3571 498 3655 correptis,
523 3574 554 3633 et
578 3571 628 3645 iis,
650 3571 706 3654 qui
725 3573 808 3634 totos
828 3591 861 3634 se
881 3576 1004 3655 ponunt
1023 3573 1058 3634 in
1076 3569 1171 3634 rebus
1190 3568 1308 3635 divinis

212 3689 463 3775 contemplandis
496 3691 614 3775 quique
637 3692 738 3754 nimia
761 3690 924 3776 cogitandi
946 3693 981 3755 11
1005 3691 1216 3775 abripiuntur,
1240 3692 1309 3755 visa

211 3811 398 3896 quandoque
430 3810 594 3875 horribilia
627 3831 694 3875 sese
727 3809 844 3888 offerre,
877 3810 963 3875 haud
986 3811 1118 3875 obscura
1140 3810 1226 3875 fama
1249 3815 1306 3875 est.

213 3931 347 4014 Antiqui
379 3951 452 3995 sane
484 3933 652 4015 scriptores
676 3930 832 4016 quaedam
854 3929 985 3995 illarum
1011 3931 1215 4008 „visionum”
1239 3953 1309 4017 prc-

247 4173 272 4234 1)
288 4171 412 4220 Durexnna
429 4171 446 4221 i.
464 4171 558 4230 1.Ἰ111,
576 4188 600 4236 p.
617 4173 681 4221 tea:
699 4171 760 4231 „wis
777 4173 840 4220 donn
857 4171 921 4220 such
938 4172 976 4220 dic
995 4171 1020 4221 in
1037 4172 1089 4222 ihre
1105 4172 1236 4237 Mysterien
1252 4171 1308 4224 llin-

214 4253 383 4304 znweihenden
400 4253 439 4302 die
456 4253 590 4302 Schrecken
608 4255 650 4303 der
664 4253 801 4303 Unterwelt
814 4269 844 4302 zu
859 4253 932 4303 seben
947 4254 1089 4304 bekamen''.
1105 4253 1142 4304 cf.
1157 4260 1182 4303 11
1196 4255 1307 4315 Lernan,

215 4337 269 4387 Dic.
285 4339 308 4387 d.
327 4337 442 4387 1111111.
460 4343 485 4386 11
502 4337 572 4388 Rom.
591 4344 650 4388 tom.
668 4337 716 4397 III,
734 4337 749 4386 i.
769 4353 792 4388 1.
809 4337 864 4397 Isis,
879 4353 904 4402 p.
923 4337 978 4386 582.

250 4420 275 4482 2)
291 4419 327 4469 Of.
345 4424 356 4482 ς
375 4420 397 4469 8.
