3350 5264
908 446 951 512 98

379 632 591 696 coniecturam
610 649 707 716 quam
726 630 764 696 de
783 633 947 718 mysteriis
967 635 1132 717 proposuit
1143 635 1319 700 reiecerunt
1335 632 1368 716 ¹).
1387 634 1471 714 Quid

378 751 462 837 quod
482 773 520 816 ne
543 754 626 816 inter
648 773 701 817 eos
725 752 864 836 quidem,
884 755 939 838 qui
964 752 1089 819 occulta
1108 759 1300 840 perscrutari
1319 756 1472 844 gaudent,

377 874 435 939 hac
448 873 485 939 de
497 894 530 938 re
542 875 698 938 convenit.
718 871 952 938 Kiusuwurrua
964 875 998 938 in
1011 877 1242 960 antiquissimis
1255 879 1472 964 Aegyptiacae

376 995 540 1082 religionis
564 997 727 1082 mysteriis
750 993 866 1073 multa,
886 998 921 1060 in
940 999 1089 1082 mysticis
1109 999 1301 1083 quibusdam
1321 1002 1473 1085 posterio-

378 1139 451 1182 rum
482 1123 665 1202 temporum
696 1115 925 1181 conventiculis
956 1116 1075 1182 abillo
1099 1118 1253 1206 religione
1278 1124 1356 1186 ortis
1380 1143 1476 1206 quae-

380 1237 453 1303 dam
492 1240 635 1325 magicos
669 1239 750 1302 ritus
784 1237 951 1302 referentia
985 1238 1068 1304 facta
1102 1261 1170 1305 asse
1206 1242 1366 1320 concedit,
1409 1243 1474 1308 Der

382 1358 596 1425 Occultismus
616 1357 669 1422 des
687 1357 875 1436 Altertums,
894 1363 973 1424 tom.
992 1359 1017 1436 Ι,
1038 1381 1068 1445 p.
1091 1358 1168 1438 270,
1189 1368 1267 1428 tom.
1289 1361 1328 1441 II,
1342 1387 1373 1450 p.
1389 1363 1453 1428 519
1463 1386 1471 1443 ;

380 1481 416 1545 Β.
447 1499 481 1544 1>1
509 1478 620 1544 Visun
649 1481 811 1574 mysteria,
844 1499 923 1565 quae
947 1478 1073 1544 silentio
1095 1479 1242 1560 libenter,
1267 1486 1294 1547 si
1318 1483 1470 1570 licuisset,

378 1604 605 1687 praeteriisset,
640 1599 722 1664 nihil
756 1602 818 1664 nisi
852 1602 991 1666 actiones
1025 1605 1130 1667 nescio
1166 1625 1243 1689 quas
1279 1606 1473 1692 symbolicas

378 1725 475 1789 fuisse
498 1723 643 1798 affirmat,
667 1719 857 1788 Gaschichte
881 1721 935 1786 des
959 1721 1171 1807 Spiritismus,
1196 1731 1275 1791 tom.
1301 1727 1325 1804 l,
1351 1750 1382 1812 p.
1407 1728 1473 1794 238

381 1851 413 1911 et
436 1843 511 1909 523.
546 1842 608 1908 Sed
631 1841 703 1906 finis
726 1841 856 1906 tandem
878 1845 921 1907 sit
940 1842 1077 1912 aliorum
1098 1847 1279 1912 recensendi
1299 1851 1473 1934 opiniones;

383 1973 415 2032 ct
437 1967 500 2052 ipsi
522 1985 578 2050 pro
601 1962 691 2028 virili
712 1969 801 2048 parte
824 1963 962 2050 singulis
985 1965 1103 2050 Apulei
1123 1968 1239 2046 verbis,
1260 1969 1318 2034 hac
1338 1976 1421 2036 certe
1439 1974 1472 2035 in

382 2110 416 2153 re
439 2088 482 2152 du
505 2084 647 2150 Prelium
671 2087 782 2162 secuti,
806 2084 1000 2170 explicandis
1025 2108 1154 2172 operam
1177 2109 1341 2162 navemus.

418 2317 441 2378 1)
463 2315 575 2375 Srrznuu,
598 2314 629 2364 N.
645 2315 691 2363 Ph.
708 2315 749 2362 Rs.
769 2314 841 2374 1889,
857 2330 882 2378 p.
899 2314 931 2364 13
951 2331 985 2379 sq.
1011 2315 1280 2378 Bocnsnnscnunz,13.
1298 2318 1343 2368 Ph.
1361 2319 1398 2368 W.
1409 2314 1475 2370 tom.

384 2397 454 2457 VIII,
475 2415 498 2462 p.
517 2396 690 2448 luat-1510.
717 2396 861 2446 esttamen
878 2397 977 2446 minime
995 2399 1174 2447 assentiendum
1192 2406 1228 2448 est
1245 2401 1475 2466 interpretationem,

384 2496 455 2545 quam
478 2493 514 2528 nu
531 2480 600 2528 Pam.
616 2479 665 2528 loci
682 2479 814 2543 Apuleiani
830 2479 949 2544 praebuit,
967 2480 1020 2529 ideo
1039 2481 1195 2545 vituperant,
1212 2483 1276 2546 quod
1293 2481 1411 2548 Apuleius
1429 2485 1476 2534 ioci

383 2569 479 2613 tantum
503 2579 576 2612 causa
599 2562 633 2611 sic
655 2561 751 2611 locutus
774 2561 814 2611 ait.
839 2561 973 2612 Undecimo
990 2563 1220 2628 Metamorphoseon
1237 2565 1300 2614 libro
1316 2583 1365 2616 non
1383 2567 1477 2617 iocatur

382 2646 510 2710 Apuleius.
535 2645 571 2695 cf.
585 2645 707 2703 'Larum
733 2643 797 2693 Hist.
821 2645 844 2693 d.
868 2645 932 2694 culta
955 2646 997 2694 dos
1021 2646 1070 2695 div.
1093 2647 1197 2704 d'Alax.,
1221 2664 1247 2712 p.
1265 2648 1297 2696 80
1311 2665 1355 2713 aq,
1377 2649 1425 2698 112
1441 2665 1477 2714 aq.

360 2712 362 2716 ,
382 2727 482 2786 Rosea,
500 2728 529 2778 R.
547 2728 582 2778 M.
599 2735 659 2776 tom.
676 2725 726 2786 XIi,
743 2742 767 2790 p.
785 2725 825 2778 77.
843 2727 1000 2786 Moncmnx,
1017 2727 1110 2793 Apulte
1127 2729 1253 2793 maginien,
1268 2747 1291 2795 p.
1308 2731 1368 2790 5933
1383 2731 1477 2781 Roman

382 2817 407 2860 et
430 2811 521 2875 Magia,
545 2827 570 2876 p.
594 2808 654 2862 2⁹14:
682 2808 788 2874 „Quane
810 2808 829 2857 il
852 2807 924 2874 s'agit
940 2810 970 2860 da
986 2827 1023 2860 aas
1040 2827 1176 2876 croyances,
1194 2811 1287 2878 Apulte
1303 2813 1416 2863 n'cntend
1433 2830 1477 2880 pao

381 2893 513 2942 raillerie'¹.
