<?xml version="1.0" encoding="UTF-8"?>
<!DOCTYPE html PUBLIC "-//W3C//DTD XHTML 1.0 Transitional//EN"
    "http://www.w3.org/TR/xhtml1/DTD/xhtml1-transitional.dtd">
<html xmlns="http://www.w3.org/1999/xhtml" xml:lang="en" lang="en">
 <head>
  <title>
</title>
<meta http-equiv="Content-Type" content="text/html;charset=utf-8" />
  <meta name='ocr-system' content='tesseract 3.04.00' />
  <meta name='ocr-capabilities' content='ocr_page ocr_carea ocr_par ocr_line ocrx_word'/>
</head>
<body>
  <div class='ocr_page' id='page_1' title='image "./deapuleioisiaco00jonggoog_0024.png"; bbox 0 0 3354 5262; ppageno 0'>
   <div class='ocr_carea' id='block_1_1' title="bbox 765 503 784 567">
    <p class='ocr_par' dir='ltr' id='par_1_1' title="bbox 765 503 784 567">
     <span class='ocr_line' id='line_1_1' title="bbox 765 503 784 567; baseline 0 0"><span class='ocrx_word' id='word_1_1' title='bbox 765 503 784 567; x_wconf 84' lang='lat'>9</span> 
     </span>
    </p>
   </div>
   <div class='ocr_carea' id='block_1_2' title="bbox 220 683 1328 1745">
    <p class='ocr_par' dir='ltr' id='par_1_2' title="bbox 222 667 1326 1014">
     <span class='ocr_line' id='line_1_2' title="bbox 225 683 1326 770; baseline -0.004 -18"><span class='ocrx_word' id='word_1_2' title='bbox 225 689 367 752; x_wconf 80' lang='lat' dir='ltr'>crurium</span> <span class='ocrx_word' id='word_1_3' title='bbox 377 684 603 769; x_wconf 78' lang='lat' dir='ltr'>Sanoruriique</span> <span class='ocrx_word' id='word_1_4' title='bbox 615 684 828 770; x_wconf 84' lang='lat' dir='ltr'>pedissequos,</span> <span class='ocrx_word' id='word_1_5' title='bbox 840 683 924 770; x_wconf 92' lang='lat' dir='ltr'>quod</span> <span class='ocrx_word' id='word_1_6' title='bbox 932 689 1061 750; x_wconf 89' lang='lat' dir='ltr'>ornatus</span> <span class='ocrx_word' id='word_1_7' title='bbox 1070 684 1326 770; x_wconf 86' lang='lat' dir='ltr'>magnificentiae</span> 
     </span>
     <span class='ocr_line' id='line_1_3' title="bbox 224 804 1326 893; baseline -0.005 -21"><span class='ocrx_word' id='word_1_8' title='bbox 224 812 456 893; x_wconf 80' lang='lat' dir='ltr'>apparatusque</span> <span class='ocrx_word' id='word_1_9' title='bbox 476 804 636 892; x_wconf 70' lang='lat' dir='ltr'>splendori</span> <span class='ocrx_word' id='word_1_10' title='bbox 655 807 794 870; x_wconf 89' lang='lat' dir='ltr'>nimium</span> <span class='ocrx_word' id='word_1_11' title='bbox 814 807 996 870; x_wconf 78' lang='lat' dir='ltr'><strong>tribuerint.</strong></span> <span class='ocrx_word' id='word_1_12' title='bbox 1018 804 1081 870; x_wconf 80' lang='lat' dir='ltr'>Sed</span> <span class='ocrx_word' id='word_1_13' title='bbox 1098 807 1207 890; x_wconf 86' lang='lat' dir='ltr'>ipsum</span> <span class='ocrx_word' id='word_1_14' title='bbox 1219 807 1326 890; x_wconf 88' lang='lat' dir='ltr'>potius</span> 
     </span>
     <span class='ocr_line' id='line_1_4' title="bbox 222 926 1174 1014; baseline -0.003 -20"><span class='ocrx_word' id='word_1_15' title='bbox 222 928 390 994; x_wconf 83' lang='lat' dir='ltr'>audiamus</span> <span class='ocrx_word' id='word_1_16' title='bbox 414 927 614 993; x_wconf 84' lang='lat' dir='ltr'>hobeolrium</span> <span class='ocrx_word' id='word_1_17' title='bbox 636 927 833 992; x_wconf 85' lang='lat' dir='ltr'>adversarios</span> <span class='ocrx_word' id='word_1_18' title='bbox 857 929 901 992; x_wconf 90' lang='grc'>010</span> <span class='ocrx_word' id='word_1_19' title='bbox 926 947 1116 1014; x_wconf 90' lang='lat' dir='ltr'>aggressum</span> <span class='ocrx_word' id='word_1_20' title='bbox 1132 926 1174 1006; x_wconf 76' lang='grc'>1)1</span> 
     </span>
    </p>

    <p class='ocr_par' dir='ltr' id='par_1_3' title="bbox 220 1039 1328 1496">
     <span class='ocr_line' id='line_1_5' title="bbox 269 1039 1327 1134; baseline -0.003 -21"><span class='ocrx_word' id='word_1_21' title='bbox 269 1050 457 1127; x_wconf 83' lang='lat' dir='ltr'>„Postremo</span> <span class='ocrx_word' id='word_1_22' title='bbox 489 1051 605 1126; x_wconf 91' lang='lat' dir='ltr'>omnia,</span> <span class='ocrx_word' id='word_1_23' title='bbox 637 1068 717 1132; x_wconf 91' lang='lat' dir='ltr'>quae</span> <span class='ocrx_word' id='word_1_24' title='bbox 750 1054 933 1134; x_wconf 87' lang='lat' dir='ltr'>mystarum</span> <span class='ocrx_word' id='word_1_25' title='bbox 963 1047 1048 1133; x_wconf 88' lang='lat' dir='ltr'>apud</span> <span class='ocrx_word' id='word_1_26' title='bbox 1079 1039 1327 1131; x_wconf 74' lang='lat' dir='ltr'>Aristophanem</span> 
     </span>
     <span class='ocr_line' id='line_1_6' title="bbox 220 1165 1328 1255; baseline -0.004 -21"><span class='ocrx_word' id='word_1_27' title='bbox 220 1170 336 1234; x_wconf 87' lang='lat' dir='ltr'>chorus</span> <span class='ocrx_word' id='word_1_28' title='bbox 353 1168 487 1255; x_wconf 74' lang='lat' dir='ltr'>Elysius</span> <span class='ocrx_word' id='word_1_29' title='bbox 507 1168 546 1233; x_wconf 92' lang='lat' dir='ltr'>de</span> <span class='ocrx_word' id='word_1_30' title='bbox 565 1167 694 1233; x_wconf 87' lang='lat' dir='ltr'>sedibus</span> <span class='ocrx_word' id='word_1_31' title='bbox 714 1170 780 1233; x_wconf 90' lang='lat' dir='ltr'>suis</span> <span class='ocrx_word' id='word_1_32' title='bbox 801 1167 972 1252; x_wconf 89' lang='lat' dir='ltr'>praedicat,</span> <span class='ocrx_word' id='word_1_33' title='bbox 984 1170 1121 1232; x_wconf 87' lang='lat' dir='ltr'>initiatis</span> <span class='ocrx_word' id='word_1_34' title='bbox 1134 1172 1206 1232; x_wconf 91' lang='lat' dir='ltr'>ante</span> <span class='ocrx_word' id='word_1_35' title='bbox 1220 1165 1328 1232; x_wconf 90' lang='grc'>000100</span> 
     </span>
     <span class='ocr_line' id='line_1_7' title="bbox 222 1284 1323 1376; baseline -0.003 -21"><span class='ocrx_word' id='word_1_36' title='bbox 222 1293 325 1376; x_wconf 84' lang='lat' dir='ltr'>posita</span> <span class='ocrx_word' id='word_1_37' title='bbox 344 1309 412 1354; x_wconf 94' lang='grc'>0000</span> <span class='ocrx_word' id='word_1_38' title='bbox 432 1289 627 1354; x_wconf 83' lang='lat' dir='ltr'>contendunt</span> <span class='ocrx_word' id='word_1_39' title='bbox 646 1295 702 1368; x_wconf 87' lang='lat' dir='ltr'>(sc.</span> <span class='ocrx_word' id='word_1_40' title='bbox 723 1287 929 1366; x_wconf 81' lang='grc'>8100001100,</span> <span class='ocrx_word' id='word_1_41' title='bbox 947 1284 1323 1367; x_wconf 57' lang='lat' dir='ltr'>rememoreramus).</span> 
     </span>
     <span class='ocr_line' id='line_1_8' title="bbox 225 1407 1080 1496; baseline -0.005 -19"><span class='ocrx_word' id='word_1_42' title='bbox 225 1408 290 1477; x_wconf 81' lang='lat' dir='ltr'>Cur</span> <span class='ocrx_word' id='word_1_43' title='bbox 312 1412 414 1496; x_wconf 88' lang='lat' dir='ltr'>igitur</span> <span class='ocrx_word' id='word_1_44' title='bbox 437 1412 594 1476; x_wconf 87' lang='lat' dir='ltr'>omittunt</span> <span class='ocrx_word' id='word_1_45' title='bbox 617 1408 701 1474; x_wconf 90' lang='lat' dir='ltr'>illud</span> <span class='ocrx_word' id='word_1_46' title='bbox 725 1407 1080 1495; x_wconf 86' lang='lat' dir='ltr'>magnificentissimum</span> 
     </span>
    </p>

    <p class='ocr_par' dir='ltr' id='par_1_4' title="bbox 472 1542 993 1745">
     <span class='ocr_line' id='line_1_9' title="bbox 557 1542 912 1621; baseline 0 -13"><span class='ocrx_word' id='word_1_47' title='bbox 557 1544 630 1608; x_wconf 76' lang='grc' dir='ltr'>-Ἀεὶ</span> <span class='ocrx_word' id='word_1_48' title='bbox 654 1546 710 1619; x_wconf 78' lang='grc' dir='ltr'>μὲν</span> <span class='ocrx_word' id='word_1_49' title='bbox 735 1547 807 1621; x_wconf 74' lang='grc' dir='ltr'>ἡμῖν</span> <span class='ocrx_word' id='word_1_50' title='bbox 832 1542 912 1619; x_wconf 74' lang='grc' dir='ltr'><em>ἥλιος</em></span> 
     </span>
     <span class='ocr_line' id='line_1_10' title="bbox 472 1666 993 1745; baseline -0.002 -16"><span class='ocrx_word' id='word_1_51' title='bbox 472 1675 474 1682; x_wconf 83' lang='grc'>’</span> <span class='ocrx_word' id='word_1_52' title='bbox 566 1666 617 1729; x_wconf 75' lang='lat' dir='ltr'>nal</span> <span class='ocrx_word' id='word_1_53' title='bbox 642 1666 765 1744; x_wconf 61' lang='lat' dir='ltr'>esaya</span> <span class='ocrx_word' id='word_1_54' title='bbox 791 1667 893 1745; x_wconf 74' lang='grc' dir='ltr'><em>ἱλαρόν</em></span> <span class='ocrx_word' id='word_1_55' title='bbox 918 1667 993 1743; x_wconf 77' lang='grc' dir='ltr'>ἕστί,</span> 
     </span>
    </p>
   </div>
   <div class='ocr_carea' id='block_1_3' title="bbox 227 1785 1329 1905">
    <p class='ocr_par' dir='ltr' id='par_1_5' title="bbox 227 1785 1329 1905">
     <span class='ocr_line' id='line_1_11' title="bbox 227 1785 1329 1905; baseline -0.003 -21"><span class='ocrx_word' id='word_1_56' title='bbox 227 1841 284 1894; x_wconf 90' lang='lat' dir='ltr'>cur</span> <span class='ocrx_word' id='word_1_57' title='bbox 315 1819 433 1904; x_wconf 85' lang='lat' dir='ltr'>Apulei</span> <span class='ocrx_word' id='word_1_58' title='bbox 463 1805 697 1885; x_wconf 82' lang='lat' dir='ltr'>obliviscuntur</span> <span class='ocrx_word' id='word_1_59' title='bbox 727 1785 788 1884; x_wconf 91' lang='lat' dir='ltr'>hoc</span> <span class='ocrx_word' id='word_1_60' title='bbox 816 1819 903 1884; x_wconf 91' lang='lat' dir='ltr'>idom</span> <span class='ocrx_word' id='word_1_61' title='bbox 941 1818 1162 1905; x_wconf 78' lang='lat' dir='ltr'>spectaculum</span> <span class='ocrx_word' id='word_1_62' title='bbox 1198 1793 1260 1882; x_wconf 89' lang='lat' dir='ltr'>sibi</span> <span class='ocrx_word' id='word_1_63' title='bbox 1294 1820 1329 1881; x_wconf 90' lang='lat' dir='ltr'>in</span> 
     </span>
    </p>
   </div>
   <div class='ocr_carea' id='block_1_4' title="bbox 225 1936 1331 3586">
    <p class='ocr_par' dir='ltr' id='par_1_6' title="bbox 225 1936 1331 3586">
     <span class='ocr_line' id='line_1_12' title="bbox 227 1936 1329 2034; baseline -0.002 -30"><span class='ocrx_word' id='word_1_64' title='bbox 227 1937 443 2024; x_wconf 82' lang='lat' dir='ltr'>penetralibus</span> <span class='ocrx_word' id='word_1_65' title='bbox 474 1939 619 2004; x_wconf 88' lang='lat' dir='ltr'>oblatum</span> <span class='ocrx_word' id='word_1_66' title='bbox 649 1936 818 2005; x_wconf 86' lang='lat' dir='ltr'>testantis?</span> <span class='ocrx_word' id='word_1_67' title='bbox 846 1941 994 2016; x_wconf 88' lang='lat' dir='ltr'>„Accessi</span> <span class='ocrx_word' id='word_1_68' title='bbox 1017 1937 1191 2004; x_wconf 92' lang='lat' dir='ltr'>confinium</span> <span class='ocrx_word' id='word_1_69' title='bbox 1210 1940 1329 2034; x_wconf 17' lang='lat' dir='ltr'>*mortis</span> 
     </span>
     <span class='ocr_line' id='line_1_13' title="bbox 228 2041 1329 2156; baseline 0 -32"><span class='ocrx_word' id='word_1_70' title='bbox 228 2065 260 2124; x_wconf 91' lang='lat' dir='ltr'>et</span> <span class='ocrx_word' id='word_1_71' title='bbox 291 2059 409 2124; x_wconf 89' lang='lat' dir='ltr'>calcato</span> <span class='ocrx_word' id='word_1_72' title='bbox 437 2059 645 2145; x_wconf 87' lang='lat' dir='ltr'>Proserpinae</span> <span class='ocrx_word' id='word_1_73' title='bbox 676 2060 790 2126; x_wconf 89' lang='lat' dir='ltr'>limine</span> <span class='ocrx_word' id='word_1_74' title='bbox 821 2041 1007 2145; x_wconf 88' lang='lat' dir='ltr'>peremnia</span> <span class='ocrx_word' id='word_1_75' title='bbox 1034 2065 1145 2156; x_wconf 87' lang='lat' dir='ltr'>vectus</span> <span class='ocrx_word' id='word_1_76' title='bbox 1172 2060 1329 2134; x_wconf 89' lang='lat' dir='ltr'>elementa</span> 
     </span>
     <span class='ocr_line' id='line_1_14' title="bbox 226 2179 1328 2276; baseline 0.002 -32"><span class='ocrx_word' id='word_1_77' title='bbox 226 2183 380 2258; x_wconf 85' lang='lat' dir='ltr'>remeavi,</span> <span class='ocrx_word' id='word_1_78' title='bbox 396 2187 486 2246; x_wconf 88' lang='grc'>110010</span> <span class='ocrx_word' id='word_1_79' title='bbox 502 2181 608 2247; x_wconf 89' lang='lat' dir='ltr'>media</span> <span class='ocrx_word' id='word_1_80' title='bbox 624 2181 692 2247; x_wconf 87' lang='lat' dir='ltr'>vidi</span> <span class='ocrx_word' id='word_1_81' title='bbox 704 2179 804 2246; x_wconf 88' lang='lat' dir='ltr'>solem</span> <span class='ocrx_word' id='word_1_82' title='bbox 819 2181 952 2247; x_wconf 89' lang='lat' dir='ltr'>candido</span> <span class='ocrx_word' id='word_1_83' title='bbox 965 2187 1184 2276; x_wconf 89' lang='lat' dir='ltr'>coruscantem</span> <span class='ocrx_word' id='word_1_84' title='bbox 1195 2181 1328 2259; x_wconf 90' lang='lat' dir='ltr'>lumine,</span> 
     </span>
     <span class='ocr_line' id='line_1_15' title="bbox 226 2275 1329 2388; baseline 0 -22"><span class='ocrx_word' id='word_1_85' title='bbox 226 2275 438 2368; x_wconf 85' lang='lat' dir='ltr'>deosinferos</span> <span class='ocrx_word' id='word_1_86' title='bbox 457 2307 489 2365; x_wconf 88' lang='lat' dir='ltr'>et</span> <span class='ocrx_word' id='word_1_87' title='bbox 510 2322 641 2386; x_wconf 85' lang='lat' dir='ltr'>superos</span> <span class='ocrx_word' id='word_1_88' title='bbox 662 2305 778 2366; x_wconf 90' lang='lat' dir='ltr'>accessi</span> <span class='ocrx_word' id='word_1_89' title='bbox 797 2289 936 2366; x_wconf 88' lang='lat' dir='ltr'>coram.&#39;’</span> <span class='ocrx_word' id='word_1_90' title='bbox 957 2303 1026 2368; x_wconf 89' lang='lat' dir='ltr'>Hoc</span> <span class='ocrx_word' id='word_1_91' title='bbox 1046 2301 1152 2368; x_wconf 92' lang='lat' dir='ltr'>solum</span> <span class='ocrx_word' id='word_1_92' title='bbox 1170 2308 1227 2380; x_wconf 91' lang='grc'>001,</span> <span class='ocrx_word' id='word_1_93' title='bbox 1245 2301 1329 2388; x_wconf 90' lang='lat' dir='ltr'>quod</span> 
     </span>
     <span class='ocr_line' id='line_1_16' title="bbox 225 2423 1330 2510; baseline 0 -23"><span class='ocrx_word' id='word_1_94' title='bbox 225 2423 265 2488; x_wconf 91' lang='lat' dir='ltr'>ad</span> <span class='ocrx_word' id='word_1_95' title='bbox 295 2427 443 2487; x_wconf 87' lang='lat' dir='ltr'>ornatum</span> <span class='ocrx_word' id='word_1_96' title='bbox 468 2442 586 2510; x_wconf 11' lang='lat' dir='ltr'>‘scenae</span> <span class='ocrx_word' id='word_1_97' title='bbox 616 2423 773 2508; x_wconf 85' lang='lat' dir='ltr'>mysticae</span> <span class='ocrx_word' id='word_1_98' title='bbox 804 2445 867 2488; x_wconf 92' lang='lat' dir='ltr'>non</span> <span class='ocrx_word' id='word_1_99' title='bbox 898 2424 1050 2489; x_wconf 89' lang='lat' dir='ltr'>adhibent</span> <span class='ocrx_word' id='word_1_100' title='bbox 1079 2445 1181 2509; x_wconf 89' lang='lat' dir='ltr'>nequa</span> <span class='ocrx_word' id='word_1_101' title='bbox 1212 2423 1330 2488; x_wconf 88' lang='lat' dir='ltr'>audent</span> 
     </span>
     <span class='ocr_line' id='line_1_17' title="bbox 225 2531 1330 2621; baseline 0 -13"><span class='ocrx_word' id='word_1_102' title='bbox 225 2531 421 2621; x_wconf 88' lang='lat' dir='ltr'>contendere,</span> <span class='ocrx_word' id='word_1_103' title='bbox 445 2543 537 2608; x_wconf 92' lang='lat' dir='ltr'>illam</span> <span class='ocrx_word' id='word_1_104' title='bbox 560 2564 683 2608; x_wconf 89' lang='lat' dir='ltr'>sacram</span> <span class='ocrx_word' id='word_1_105' title='bbox 707 2549 834 2610; x_wconf 91' lang='lat' dir='ltr'>noctem</span> <span class='ocrx_word' id='word_1_106' title='bbox 854 2545 961 2617; x_wconf 88' lang='lat' dir='ltr'>diurni</span> <span class='ocrx_word' id='word_1_107' title='bbox 982 2545 1093 2614; x_wconf 88' lang='lat' dir='ltr'>sideris</span> <span class='ocrx_word' id='word_1_108' title='bbox 1113 2545 1192 2610; x_wconf 86' lang='lat' dir='ltr'>facie</span> <span class='ocrx_word' id='word_1_109' title='bbox 1210 2543 1330 2616; x_wconf 86' lang='lat' dir='ltr'>illumi-</span> 
     </span>
     <span class='ocr_line' id='line_1_18' title="bbox 225 2664 1300 2743; baseline 0.002 -15"><span class='ocrx_word' id='word_1_110' title='bbox 225 2670 333 2730; x_wconf 87' lang='lat' dir='ltr'>natam</span> <span class='ocrx_word' id='word_1_111' title='bbox 356 2685 434 2742; x_wconf 86' lang='lat' dir='ltr'>esse,</span> <span class='ocrx_word' id='word_1_112' title='bbox 459 2667 487 2729; x_wconf 90' lang='grc'>01</span> <span class='ocrx_word' id='word_1_113' title='bbox 510 2667 618 2728; x_wconf 89' lang='lat' dir='ltr'>minus</span> <span class='ocrx_word' id='word_1_114' title='bbox 641 2685 717 2729; x_wconf 86' lang='lat' dir='ltr'>vera</span> <span class='ocrx_word' id='word_1_115' title='bbox 741 2671 772 2730; x_wconf 90' lang='lat' dir='ltr'>et</span> <span class='ocrx_word' id='word_1_116' title='bbox 795 2665 944 2743; x_wconf 87' lang='lat' dir='ltr'>naturali,</span> <span class='ocrx_word' id='word_1_117' title='bbox 970 2671 1053 2730; x_wconf 87' lang='lat' dir='ltr'>certe</span> <span class='ocrx_word' id='word_1_118' title='bbox 1078 2664 1300 2730; x_wconf 87' lang='lat' dir='ltr'>adumbrata.&#39;’</span> 
     </span>
     <span class='ocr_line' id='line_1_19' title="bbox 254 2759 1331 2870; baseline 0 -22"><span class='ocrx_word' id='word_1_119' title='bbox 254 2769 355 2849; x_wconf 51' lang='lat' dir='ltr'>¹Tum</span> <span class='ocrx_word' id='word_1_120' title='bbox 375 2790 498 2856; x_wconf 83' lang='lat' dir='ltr'>veteres</span> <span class='ocrx_word' id='word_1_121' title='bbox 519 2783 677 2849; x_wconf 86' lang='lat' dir='ltr'>eiusmodi</span> <span class='ocrx_word' id='word_1_122' title='bbox 696 2783 901 2848; x_wconf 89' lang='lat' dir='ltr'>adminiculis</span> <span class='ocrx_word' id='word_1_123' title='bbox 920 2783 1012 2850; x_wconf 84' lang='lat' dir='ltr'>facile</span> <span class='ocrx_word' id='word_1_124' title='bbox 1028 2759 1243 2870; x_wconf 89' lang='lat' dir='ltr'>supersedisse</span> <span class='ocrx_word' id='word_1_125' title='bbox 1261 2806 1331 2850; x_wconf 93' lang='lat' dir='ltr'>con-</span> 
     </span>
     <span class='ocr_line' id='line_1_20' title="bbox 226 2905 1331 2991; baseline 0 -23"><span class='ocrx_word' id='word_1_126' title='bbox 226 2905 338 2983; x_wconf 84' lang='lat' dir='ltr'>tendit,</span> <span class='ocrx_word' id='word_1_127' title='bbox 361 2909 474 2990; x_wconf 88' lang='lat' dir='ltr'>utpote</span> <span class='ocrx_word' id='word_1_128' title='bbox 497 2926 543 2983; x_wconf 87' lang='lat' dir='ltr'>ca,</span> <span class='ocrx_word' id='word_1_129' title='bbox 569 2925 649 2990; x_wconf 90' lang='lat' dir='ltr'>quae</span> <span class='ocrx_word' id='word_1_130' title='bbox 674 2905 783 2970; x_wconf 86' lang='lat' dir='ltr'>ridere</span> <span class='ocrx_word' id='word_1_131' title='bbox 807 2909 839 2969; x_wconf 90' lang='lat' dir='ltr'>et</span> <span class='ocrx_word' id='word_1_132' title='bbox 859 2926 984 2970; x_wconf 91' lang='lat' dir='ltr'>cernere</span> <span class='ocrx_word' id='word_1_133' title='bbox 1004 2927 1066 2970; x_wconf 89' lang='lat' dir='ltr'>non</span> <span class='ocrx_word' id='word_1_134' title='bbox 1086 2911 1224 2991; x_wconf 88' lang='lat' dir='ltr'>possent,</span> <span class='ocrx_word' id='word_1_135' title='bbox 1245 2926 1331 2970; x_wconf 90' lang='lat' dir='ltr'>mon-</span> 
     </span>
     <span class='ocr_line' id='line_1_21' title="bbox 226 2997 1330 3112; baseline 0.003 -24"><span class='ocrx_word' id='word_1_136' title='bbox 226 2997 329 3094; x_wconf 21' lang='lat' dir='ltr'>tibus*</span> <span class='ocrx_word' id='word_1_137' title='bbox 347 3011 518 3090; x_wconf 85' lang='lat' dir='ltr'>informare</span> <span class='ocrx_word' id='word_1_138' title='bbox 552 2999 673 3090; x_wconf 84' lang='lat' dir='ltr'>solitos.</span> <span class='ocrx_word' id='word_1_139' title='bbox 709 3023 761 3090; x_wconf 89' lang='grc'>810</span> <span class='ocrx_word' id='word_1_140' title='bbox 791 3046 866 3089; x_wconf 88' lang='lat' dir='ltr'>cum</span> <span class='ocrx_word' id='word_1_141' title='bbox 896 3025 954 3112; x_wconf 89' lang='lat' dir='ltr'>illi</span> <span class='ocrx_word' id='word_1_142' title='bbox 979 3046 1089 3108; x_wconf 86' lang='lat' dir='ltr'>versus</span> <span class='ocrx_word' id='word_1_143' title='bbox 1120 3028 1330 3091; x_wconf 87' lang='lat' dir='ltr'>recitarentur</span> 
     </span>
     <span class='ocr_line' id='line_1_22' title="bbox 226 3147 392 3210; baseline 0.012 -2"><span class='ocrx_word' id='word_1_144' title='bbox 226 3147 262 3208; x_wconf 89' lang='lat' dir='ltr'>in</span> <span class='ocrx_word' id='word_1_145' title='bbox 285 3166 392 3210; x_wconf 88' lang='lat' dir='ltr'>scena:</span> 
     </span>
     <span class='ocr_line' id='line_1_23' title="bbox 453 3241 1013 3346; baseline 0.004 -18"><span class='ocrx_word' id='word_1_146' title='bbox 453 3243 454 3250; x_wconf 50' lang='lat'>,</span> <span class='ocrx_word' id='word_1_147' title='bbox 489 3265 605 3330; x_wconf 75' lang='lat' dir='ltr'>Aderat</span> <span class='ocrx_word' id='word_1_148' title='bbox 630 3247 746 3340; x_wconf 66' lang='lat' dir='ltr'>cauria</span> <span class='ocrx_word' id='word_1_149' title='bbox 772 3266 823 3330; x_wconf 72' lang='grc' dir='ltr'>καὶ</span> <span class='ocrx_word' id='word_1_150' title='bbox 849 3241 1013 3346; x_wconf 63' lang='lat' dir='ltr'>{ceolmaer</span> 
     </span>
     <span class='ocr_line' id='line_1_24' title="bbox 486 3383 1062 3464; baseline 0.005 -16"><span class='ocrx_word' id='word_1_151' title='bbox 486 3383 631 3455; x_wconf 70' lang='grc' dir='ltr'>πλειάδες</span> <span class='ocrx_word' id='word_1_152' title='bbox 657 3385 796 3464; x_wconf 71' lang='grc'>01110101,</span> <span class='ocrx_word' id='word_1_153' title='bbox 822 3387 906 3461; x_wconf 75' lang='grc' dir='ltr'>μέσα</span> <span class='ocrx_word' id='word_1_154' title='bbox 931 3387 1062 3459; x_wconf 75' lang='grc' dir='ltr'>δἀἰετός</span> 
     </span>
     <span class='ocr_line' id='line_1_25' title="bbox 487 3485 838 3586; baseline 0 -16"><span class='ocrx_word' id='word_1_155' title='bbox 487 3507 608 3586; x_wconf 68' lang='grc' dir='ltr'><em>οὐρανοῦ</em></span> <span class='ocrx_word' id='word_1_156' title='bbox 635 3485 771 3570; x_wconf 71' lang='lat' dir='ltr'>noreiam</span> <span class='ocrx_word' id='word_1_157' title='bbox 798 3543 838 3556; x_wconf 91' lang='lat'><em>-</em></span> 
     </span>
    </p>
   </div>
   <div class='ocr_carea' id='block_1_5' title="bbox 487 3626 1012 3706">
    <p class='ocr_par' dir='ltr' id='par_1_7' title="bbox 487 3626 1012 3706">
     <span class='ocr_line' id='line_1_26' title="bbox 487 3626 1012 3706; baseline 0.004 -16"><span class='ocrx_word' id='word_1_158' title='bbox 487 3628 520 3690; x_wconf 80' lang='lat' dir='ltr'>orl</span> <span class='ocrx_word' id='word_1_159' title='bbox 543 3627 692 3691; x_wconf 83' lang='grc' dir='ltr'><strong><em>λεύσσετε</em></strong></span> <span class='ocrx_word' id='word_1_160' title='bbox 715 3627 850 3704; x_wconf 68' lang='grc' dir='ltr'><em>μηνάδος</em></span> <span class='ocrx_word' id='word_1_161' title='bbox 874 3626 1012 3706; x_wconf 57' lang='lat' dir='ltr'>alaeam</span> 
     </span>
    </p>
   </div>
   <div class='ocr_carea' id='block_1_6' title="bbox 230 3777 1334 4352">
    <p class='ocr_par' dir='ltr' id='par_1_8' title="bbox 230 3777 1334 4352">
     <span class='ocr_line' id='line_1_27' title="bbox 230 3777 1331 3868; baseline 0.005 -26"><span class='ocrx_word' id='word_1_162' title='bbox 230 3781 420 3862; x_wconf 88' lang='lat' dir='ltr'>spectatores</span> <span class='ocrx_word' id='word_1_163' title='bbox 445 3777 578 3843; x_wconf 89' lang='lat' dir='ltr'>moleste</span> <span class='ocrx_word' id='word_1_164' title='bbox 601 3800 664 3843; x_wconf 90' lang='lat' dir='ltr'>non</span> <span class='ocrx_word' id='word_1_165' title='bbox 687 3777 811 3856; x_wconf 87' lang='lat' dir='ltr'>tulisse,</span> <span class='ocrx_word' id='word_1_166' title='bbox 836 3779 920 3865; x_wconf 93' lang='lat' dir='ltr'>quod</span> <span class='ocrx_word' id='word_1_167' title='bbox 940 3801 977 3844; x_wconf 91' lang='lat' dir='ltr'>ea</span> <span class='ocrx_word' id='word_1_168' title='bbox 995 3802 1057 3845; x_wconf 92' lang='lat' dir='ltr'>non</span> <span class='ocrx_word' id='word_1_169' title='bbox 1077 3781 1232 3860; x_wconf 87' lang='lat' dir='ltr'>viderent,</span> <span class='ocrx_word' id='word_1_170' title='bbox 1251 3803 1331 3868; x_wconf 90' lang='lat' dir='ltr'>quae</span> 
     </span>
     <span class='ocr_line' id='line_1_28' title="bbox 230 3899 1332 3990; baseline 0.006 -29"><span class='ocrx_word' id='word_1_171' title='bbox 230 3903 483 3962; x_wconf 88' lang='lat' dir='ltr'>monstrarentur</span> <span class='ocrx_word' id='word_1_172' title='bbox 506 3919 524 3963; x_wconf 92' lang='lat' dir='ltr'>a</span> <span class='ocrx_word' id='word_1_173' title='bbox 543 3900 734 3965; x_wconf 87' lang='lat' dir='ltr'>cantoribus.</span> <span class='ocrx_word' id='word_1_174' title='bbox 757 3899 810 3966; x_wconf 80' lang='lat' dir='ltr'>Sic</span> <span class='ocrx_word' id='word_1_175' title='bbox 827 3902 863 3964; x_wconf 91' lang='lat' dir='ltr'>in</span> <span class='ocrx_word' id='word_1_176' title='bbox 881 3899 989 3965; x_wconf 86' lang='lat' dir='ltr'>teletis</span> <span class='ocrx_word' id='word_1_177' title='bbox 1010 3922 1135 3986; x_wconf 90' lang='lat' dir='ltr'>quoque</span> <span class='ocrx_word' id='word_1_178' title='bbox 1154 3902 1332 3990; x_wconf 81' lang='lat' dir='ltr'>theurgicis</span> 
     </span>
     <span class='ocr_line' id='line_1_29' title="bbox 231 4017 1333 4112; baseline 0.007 -30"><span class='ocrx_word' id='word_1_179' title='bbox 231 4017 335 4082; x_wconf 92' lang='lat' dir='ltr'>multa</span> <span class='ocrx_word' id='word_1_180' title='bbox 353 4039 416 4083; x_wconf 91' lang='lat' dir='ltr'>non</span> <span class='ocrx_word' id='word_1_181' title='bbox 435 4020 475 4090; x_wconf 87' lang='lat' dir='ltr'>ad</span> <span class='ocrx_word' id='word_1_182' title='bbox 494 4021 701 4105; x_wconf 87' lang='lat' dir='ltr'>spectandum</span> <span class='ocrx_word' id='word_1_183' title='bbox 720 4024 893 4107; x_wconf 89' lang='lat' dir='ltr'>proposita,</span> <span class='ocrx_word' id='word_1_184' title='bbox 906 4021 961 4087; x_wconf 87' lang='lat' dir='ltr'>sed</span> <span class='ocrx_word' id='word_1_185' title='bbox 973 4044 1030 4108; x_wconf 92' lang='lat' dir='ltr'>pro</span> <span class='ocrx_word' id='word_1_186' title='bbox 1044 4027 1193 4108; x_wconf 88' lang='lat' dir='ltr'>spectatis</span> <span class='ocrx_word' id='word_1_187' title='bbox 1205 4032 1333 4112; x_wconf 91' lang='lat' dir='ltr'>accepta</span> 
     </span>
     <span class='ocr_line' id='line_1_30' title="bbox 231 4140 1334 4232; baseline 0.006 -29"><span class='ocrx_word' id='word_1_188' title='bbox 231 4140 339 4204; x_wconf 83' lang='lat' dir='ltr'>fuisse.</span> <span class='ocrx_word' id='word_1_189' title='bbox 370 4140 477 4224; x_wconf 89' lang='lat' dir='ltr'>Atque</span> <span class='ocrx_word' id='word_1_190' title='bbox 508 4143 566 4207; x_wconf 92' lang='lat' dir='ltr'>hac</span> <span class='ocrx_word' id='word_1_191' title='bbox 592 4143 630 4208; x_wconf 93' lang='lat' dir='ltr'>de</span> <span class='ocrx_word' id='word_1_192' title='bbox 654 4165 687 4209; x_wconf 94' lang='lat' dir='ltr'>re</span> <span class='ocrx_word' id='word_1_193' title='bbox 711 4144 750 4209; x_wconf 92' lang='lat' dir='ltr'>ad</span> <span class='ocrx_word' id='word_1_194' title='bbox 774 4144 931 4209; x_wconf 91' lang='lat' dir='ltr'>decimam</span> <span class='ocrx_word' id='word_1_195' title='bbox 954 4151 1102 4231; x_wconf 87' lang='lat' dir='ltr'>quartam</span> <span class='ocrx_word' id='word_1_196' title='bbox 1125 4168 1183 4212; x_wconf 88' lang='lat' dir='ltr'>nos</span> <span class='ocrx_word' id='word_1_197' title='bbox 1206 4146 1334 4232; x_wconf 87' lang='lat' dir='ltr'>ablegat</span> 
     </span>
     <span class='ocr_line' id='line_1_31' title="bbox 230 4260 1334 4352; baseline 0.005 -28"><span class='ocrx_word' id='word_1_198' title='bbox 230 4260 478 4345; x_wconf 83' lang='lat' dir='ltr'>paragraphum,</span> <span class='ocrx_word' id='word_1_199' title='bbox 502 4263 559 4328; x_wconf 93' lang='lat' dir='ltr'>ubi</span> <span class='ocrx_word' id='word_1_200' title='bbox 583 4263 621 4328; x_wconf 94' lang='lat' dir='ltr'>de</span> <span class='ocrx_word' id='word_1_201' title='bbox 644 4265 794 4352; x_wconf 81' lang='lat' dir='ltr'>theurgia</span> <span class='ocrx_word' id='word_1_202' title='bbox 816 4265 919 4330; x_wconf 88' lang='lat' dir='ltr'>fusius</span> <span class='ocrx_word' id='word_1_203' title='bbox 943 4265 1131 4351; x_wconf 88' lang='lat' dir='ltr'>disputavit.</span> <span class='ocrx_word' id='word_1_204' title='bbox 1156 4267 1267 4352; x_wconf 89' lang='lat' dir='ltr'>Neque</span> <span class='ocrx_word' id='word_1_205' title='bbox 1287 4270 1334 4330; x_wconf 92' lang='lat' dir='ltr'>in·</span> 
     </span>
    </p>
   </div>
   <div class='ocr_carea' id='block_1_7' title="bbox 267 4443 756 4508">
    <p class='ocr_par' dir='ltr' id='par_1_9' title="bbox 267 4443 756 4508">
     <span class='ocr_line' id='line_1_32' title="bbox 267 4443 756 4508; baseline 0.006 -18"><span class='ocrx_word' id='word_1_206' title='bbox 267 4444 291 4503; x_wconf 91' lang='grc'>1)</span> <span class='ocrx_word' id='word_1_207' title='bbox 308 4443 490 4508; x_wconf 83' lang='lat' dir='ltr'>Aglaophanrus</span> <span class='ocrx_word' id='word_1_208' title='bbox 508 4449 567 4494; x_wconf 89' lang='lat' dir='ltr'>tom.</span> <span class='ocrx_word' id='word_1_209' title='bbox 585 4445 605 4504; x_wconf 85' lang='grc' dir='ltr'>Ι,</span> <span class='ocrx_word' id='word_1_210' title='bbox 622 4461 646 4508; x_wconf 93' lang='lat' dir='ltr'>p.</span> <span class='ocrx_word' id='word_1_211' title='bbox 665 4443 712 4496; x_wconf 79' lang='grc'>117</span> <span class='ocrx_word' id='word_1_212' title='bbox 722 4461 756 4508; x_wconf 82' lang='lat' dir='ltr'>aq.</span> 
     </span>
    </p>
   </div>
   <div class='ocr_carea' id='block_1_8' title="bbox 0 0 1682 5262">
    <p class='ocr_par' dir='ltr' id='par_1_10' title="bbox 0 0 1682 5262">
     <span class='ocr_line' id='line_1_33' title="bbox 0 0 1682 5262; baseline 0 0"><span class='ocrx_word' id='word_1_213' title='bbox 0 0 1682 5262; x_wconf 95' lang='lat' dir='ltr'> </span> 
     </span>
    </p>
   </div>
  </div>
 </body>
</html>
