3354 5262
900 471 942 538 36

373 676 449 741 quo
482 657 657 741 quisque
686 657 822 741 possit
851 655 1023 718 initiari
1054 654 1150 720 deae
1178 658 1283 718 nutu
1306 639 1465 720 demon-

373 777 502 842 strari
521 782 559 842 et
579 775 830 843 sacerdotem
850 777 920 861 qui
938 795 1054 862 saera
1073 774 1221 841 debeat
1240 777 1465 841 ministrare

374 897 557 964 eiusdem
599 897 870 984 providentia
909 895 1061 984 deligi,
1106 901 1300 982 sumptus
1338 899 1465 962 etiam

374 1021 638 1086 caerimoniis
672 1021 932 1087 necessarios
963 1017 1101 1084 simili
1131 1024 1354 1106 praecepto
1386 1017 1466 1085 des·

373 1140 529 1206 tinari''
546 1140 581 1223 ¹).

416 1260 505 1326 Haeo
527 1267 595 1327 tam
622 1262 786 1348 perspicua
804 1265 889 1338 sunt,
908 1265 947 1346 ut
965 1259 1063 1338 nulla,
1085 1263 1204 1346 opinor,
1228 1264 1344 1346 egeant
1361 1257 1465 1344 expla-

373 1385 509 1448 natione.
541 1381 607 1447 Neo
638 1387 745 1448 tamen
771 1382 826 1447 abs
848 1402 882 1446 re
906 1383 977 1458 erit,
1001 1380 1192 1445 Pausaniam
1215 1379 1345 1445 laudare
1368 1383 1466 1466 peria·

373 1509 491 1589 getam,
526 1525 628 1569 unum
661 1504 808 1589 idemque
843 1503 880 1568 de
920 1505 1017 1568 saeris
1050 1502 1159 1568 Isiaois
1194 1501 1276 1587 quod
1310 1501 1464 1588 Apuleius

372 1631 551 1691 testantem.
580 1624 703 1711 Quippe
725 1623 781 1689 lib.
806 1624 838 1688 X
860 1638 922 1709 opt.
947 1622 1084 1702 XXXII,
1110 1625 1127 1708 ᾖ
1150 1621 1190 1688 13
1215 1622 1320 1688 Desor.
1346 1620 1402 1688 Gr.
1426 1621 1464 1687 de

368 1745 462 1812 Isidis
485 1746 560 1812 aede
583 1746 795 1832 quadraginta
818 1745 882 1811 fere
904 1743 1007 1810 stadia
1029 1746 1078 1810 ab
1092 1744 1207 1832 oppido
1231 1744 1381 1810 Tithorea
1403 1747 1465 1810 sita

371 1868 447 1934 haee
466 1869 578 1934 refert:
597 1905 660 1946 „-
674 1867 783 1934 ἄδνπον
798 1866 1002 1949 ἱερὸνἼσιδορ,
1016 1867 1301 1946 irreverentem
1311 1864 1464 1940 Ἕλληνες

371 1990 424 2070 θεῷ
449 1998 487 2070 τῇ
513 1989 674 2074 strombi
700 1989 897 2064 πεποίηνται·
923 1986 1079 2070 οὔτεγὰρ
1107 1995 1264 2069 περιοικεῖν
1285 1989 1416 2053 irretita
1437 1989 1463 2053 ol

372 2111 503 2189 Τιθορεῑς
534 2109 699 2192 νομίζουσιν
730 2109 799 2176 οὔτε
829 2107 940 2180 εἴσοδος
971 2099 1078 2181 cleri
1110 2107 1218 2175 ιἰδνπον
1250 2107 1359 2181 ἄλλοις
1381 2133 1420 2187 γε
1445 2109 1461 2186 ἦ

371 2231 489 2304 ἐκείνοις
512 2231 592 2295 ἐστὶν
615 2227 663 2304 οὓς
687 2230 725 2296 ἃν
749 2231 827 2303 adri
854 2230 1072 2309 προτιμήσασα
1093 2225 1204 2306 ἧἸσις
1226 2228 1341 2313 sarteq
1363 2233 1462 2311 (σφοῖς

370 2351 431 2417 del.
441 2349 468 2434 l)
488 2351 526 2417 δι’
546 2353 719 2418 everstan&
744 2352 854 2417 Minus
874 2372 950 2438 ergo
970 2357 1115 2418 aoourate
1131 2352 1259 2418 Auaron
1270 2351 1297 2434 ²)
1310 2388 1353 2400 -
1365 2373 1463 2418 unam

369 2471 489 2538 seilicet
511 2473 705 2559 eandemque
727 2473 876 2538 initiandi
894 2473 991 2539 fuisse
1010 2475 1168 2538 rationem
1185 2475 1219 2538 in
1238 2472 1347 2540 Isiaois
1367 2479 1462 2560 atque

366 2596 400 2658 in
432 2592 603 2660 Eleusiniis
634 2597 798 2682 mysteriis
829 2615 929 2680 usque
959 2593 1146 2659 oontendens
1179 2631 1220 2644 -
1252 2594 1404 2680 quasdam
1427 2597 1462 2662 in

366 2714 475 2780 lsiaois
497 2717 599 2781 initiis
621 2722 654 2782 et
676 2718 877 2782 somniorum
900 2715 997 2780 fuisse
1020 2720 1125 2801 partes
1147 2715 1306 2782 coneedit:
1331 2719 1412 2796 „uie
1426 2720 1461 2804 ja

366 2836 449 2902 auoh
479 2837 529 2902 bei
560 2835 619 2901 den
649 2836 897 2924 lsisMysterien
920 2835 1059 2902 Tritume
1086 2820 1156 2901 eine
1178 2835 1269 2902 Rolle
1292 2835 1459 2922 spielten''.

366 2957 436 3024 Hoo
466 2961 584 3046 agitur,
611 2959 671 3025 hoo
693 2960 810 3024 diserte
834 2957 1064 3024 enuntiandum
1088 2963 1145 3035 est,
1169 2960 1330 3023 neminem
1353 2958 1393 3025 ad
1414 2960 1460 3022 in·

365 3082 445 3145 tima
468 3079 640 3166 penetralia
664 3086 758 3166 atque
782 3080 821 3146 ad
844 3100 972 3145 areanae
995 3081 1200 3145 caerimonias
1223 3078 1322 3146 fuisse
1345 3079 1460 3146 admis

367 3223 450 3281 sum,
475 3202 537 3266 nisi
560 3223 655 3287 quem
681 3201 738 3268 dea
761 3200 820 3266 Isis
840 3203 909 3287 ipsa
928 3223 983 3288 per
1001 3203 1163 3266 somnium
1181 3222 1249 3267 sese
1268 3203 1298 3266 ei
1317 3201 1457 3280 offerens,

368 3321 408 3387 ad
430 3343 595 3388 summum
617 3323 701 3389 huno
725 3323 910 3388 destinasset
929 3322 1091 3388 honorem.

412 3425 520 3530 Longe
538 3443 601 3509 alia
620 3443 859 3510 Eleusiniorum
879 3445 1108 3530 mysteriorum
1127 3448 1195 3508 erat
1212 3446 1306 3523 ratio,
1324 3443 1456 3531 adquae

367 3565 510 3652 quilibet,
542 3565 714 3632 dummodo
746 3573 828 3632 esset
851 3572 960 3647 χοῖροι
984 3565 1112 3644 καθαρὸς
1136 3563 1186 3629 κον)
1212 3566 1311 3643 Φοινὶρν
1335 3563 1456 3637 reverte

366 3686 587 3751 admitteretur
600 3685 636 3768 ³),
672 3687 849 3772 quibusque
880 3688 974 3751 oertis
1005 3688 1080 3752 anni
1110 3685 1220 3753 diebus
1250 3685 1303 3754 vel
1333 3689 1456 3752 oenteni

321 3812 325 3817 ’
366 3827 429 3872 una
450 3808 662 3873 initiarentur.

409 3925 471 3993 Sed
482 3927 522 3992 ad
532 3931 747 3994 narrationem
758 3929 924 3995 redeamus
937 3951 1110 4016 rursusque
1122 3930 1259 3996 Lucium
1270 3929 1454 3996 audiamus:

413 4046 498 4123 „Nee
525 4069 577 4113 me
604 4047 719 4114 fefellit
741 4049 794 4116 uel
817 4049 908 4136 longi
931 4053 1083 4137 temporis
1106 4051 1280 4136 prolatione
1303 4054 1457 4119 cruciavit

373 4213 542 4226 m

398 4290 422 4354 1)
440 4291 500 4342 Met.
518 4291 561 4352 XI,
578 4291 618 4342 al.
752 4292 776 4356 2)
794 4293 822 4343 G.
839 4294 950 4352 Aunios,
968 4291 1018 4341 Das
1035 4290 1118 4341 sutile
1136 4291 1354 4359 Myetsrienwaren
1371 4313 1395 4363 p.
1415 4297 1455 4348 45.

398 4373 422 4435 Β)
445 4372 528 4423 Celeus
552 4389 590 4439 ap.
614 4373 680 4438 otig.
705 4373 731 4424 0.
754 4374 818 4425 (lala.
841 4374 892 4432 Ill,
917 4375 955 4425 59.
977 4373 1049 4422 Hono
1067 4373 1156 4435 lotum,
1174 4377 1283 4444 aliosque
1300 4380 1455 4444 antiquorum

364 4455 509 4522 scriptorem
527 4457 593 4505 loeoa
610 4456 658 4505 bue
673 4456 828 4521 pertinentes,
845 4457 943 4506 exhibet
959 4455 1069 4515 Ῑιοιιοκ,
1088 4457 1143 4520 Agl.
1160 4474 1183 4523 p.
1202 4460 1241 4510 lo.
