3354 5262
909 415 951 483 72

381 606 481 689 spatio
512 607 742 667 succrescentes
773 622 915 687 quaeque
940 599 1002 665 alia
1025 601 1058 663 in
1082 597 1243 663 Bacchicis
1266 599 1421 665 miracula
1444 606 1477 666 et

379 729 489 810 potitae
519 729 551 789 et
580 723 734 801 historici,
767 745 868 809 neque
900 729 936 788 ut
968 720 1093 788 fabulas
1124 725 1262 803 tantum,
1293 721 1348 786 sad
1378 725 1476 788 etiam

381 852 416 912 ut
439 865 489 910 res
511 851 686 930 comportas
707 851 845 909 narrant.
882 843 917 909 Si
941 844 1071 929 quidem
1094 843 1267 907 Pausanias
1290 842 1475 930 prodigium

378 970 413 1032 in
446 965 538 1032 Elide
572 968 739 1052 quotannis
774 972 949 1052 peractum,
986 964 1169 1028 dubitanter
1202 962 1286 1041 licet,
1318 964 1475 1030 nobilium

379 1094 486 1153 tamen
517 1091 663 1154 virorum
693 1088 836 1153 adhibito
868 1088 1062 1164 testimonio,
1097 1085 1202 1162 refert,
1235 1084 1288 1162 VI,
1320 1105 1410 1164 xxvi,
1437 1087 1473 1152 1:

381 1217 462 1275 Θεῶν
493 1211 524 1276 δὲ
556 1211 584 1274 ἐν
616 1217 677 1282 τοίς
707 1209 851 1288 μοίλιστα
876 1209 1020 1275 Διθννσον
1044 1207 1184 1285 σθβουσιν
1209 1210 1323 1272 Ἠλεῖοι
1346 1208 1398 1272 καί
1424 1207 1475 1278 τθν

379 1332 441 1397 θεθν
477 1337 581 1413 σφισιν
614 1334 777 1413 ἐπιφοιτᾶν
809 1334 851 1404 εἰς
883 1338 941 1416 τῶν
974 1332 1071 1397 ovino
1102 1331 1156 1403 τίιν
1187 1331 1286 1411 ἕορτίρν
1317 1331 1470 1408 λέγουσιν.

378 1451 492 1535 οἰπέχει
525 1453 581 1530 μέν
613 1478 652 1532 γε
683 1462 737 1529 τῆς
771 1453 887 1522 πόλεως
919 1450 983 1517 ὅσον
1016 1476 1050 1515 τε
1082 1451 1158 1514 dardi
1187 1449 1299 1514 στοίδια
1324 1448 1392 1515 ἔνθα
1417 1454 1472 1526 τίρν

378 1574 478 1654 ἑορτίρν
508 1573 618 1654 ἄγουσι
654 1583 734 1640 Θυῖα
767 1573 980 1656 θνομοίζοντες·
1012 1574 1149 1652 λέβητας
1182 1572 1213 1638 δὲ
1245 1573 1367 1652 οἰριθμίν
1391 1583 1470 1653 τρεῖς

377 1697 419 1767 εἰς
450 1693 565 1773 οἰκκμα
597 1697 828 1773 εἰσκομίσαντες
861 1699 886 1762 οἰ
919 1696 1007 1776 ἰερείς
1032 1693 1251 1759 κατατίθενται
1276 1695 1389 1772 κενούς,
1413 1719 1474 1759 πα·

376 1816 481 1895 ρθντιον
510 1817 561 1881 καί
594 1825 651 1882 τῶν
683 1819 784 1884 οἰστῶν
817 1819 869 1883 καί
901 1815 1000 1893 ξένιον,
1033 1819 1059 1881 εἰ
1091 1819 1213 1895 τύχοιεν
1238 1815 1470 1892 ἐπιδημοῦντες·

377 1939 557 2018 σφραγῖδας
590 1939 620 2004 δὲ
654 1941 742 2005 αὖτοί
772 1965 806 2004 τε
839 1941 865 2005 οἰ
898 1941 996 2018 ἰερείς,
1029 1939 1080 2003 καί
1112 1941 1170 2003 τῶν
1201 1937 1305 2003 οἰλλοιν
1329 1935 1409 2011 ὅσοις
1431 1939 1470 2004 θον

377 2060 460 2124 κατοί
496 2061 620 2138 γνώμην
656 2057 682 2146 ᾖ,
717 2069 786 2132 ταῖς
820 2060 922 2138 θιίραις
955 2065 1007 2124 τοῦ
1039 2062 1203 2134 οἰκήματος
1236 2048 1468 2137 ἐπιβάλλουσιν.

377 2182 418 2253 εἰς
451 2181 482 2247 δὲ
513 2183 566 2256 τίρν
592 2184 737 2247 ἐπιοῦσαν
761 2181 804 2246 τοί
826 2206 861 2246 τε
885 2188 999 2257 σημεῖα
1024 2181 1188 2258 ἐπιγνῶναι
1214 2180 1345 2260 ποίρεστί
1369 2187 1469 2262 σΦισι,

377 2305 430 2367 καί
458 2303 644 2374 εἰσελθόντες
669 2305 711 2375 εἰς
735 2305 769 2369 τὸ
794 2303 906 2378 οἰκκμα
932 2304 1115 2381 εὑρίσκουσιν
1139 2301 1214 2367 οἰνοο
1237 2303 1471 2380 πεπλησμένους

379 2425 446 2495 τοὺς
479 2425 630 2500 λέβητας.
662 2429 765 2488 ταῦτα
798 2424 922 2489 Ἠλείιον
946 2449 981 2489 τε
1004 2425 1030 2488 οἰ
1055 2423 1255 2501 δοκιμώτατοι
1278 2422 1391 2510 ἄνδρες,
1416 2425 1471 2490 σὺν

380 2545 483 2616 αὐτοῖς
508 2544 538 2610 δὲ
562 2546 613 2609 καί
637 2545 712 2624 ξένοι
736 2545 931 2623 κατώμνυντο
955 2541 1039 2626 ἔχειν
1064 2545 1149 2609 κατοί
1168 2545 1210 2610 τὰ
1230 2545 1379 2624 εἰρημένα,
1403 2545 1469 2611 ἐπεί

378 2667 471 2739 αὐτθς
495 2692 534 2746 νε
559 2669 612 2732 οὐκ
637 2670 680 2741 εἰς
705 2669 805 2747 καιρὸν
830 2667 987 2746 οἰφικθμκν
1012 2675 1068 2742 τῆς
1092 2669 1205 2745 ἑορτῆς.
1242 2667 1384 2747 Quocum
1404 2689 1473 2733 oon·

377 2792 475 2855 sentit
498 2789 732 2877 Theopompus,
757 2791 830 2877 arg.
856 2789 922 2856 296
944 2803 976 2855 et
996 2789 1048 2854 Ps.
1069 2790 1201 2855 Aristot.
1228 2789 1275 2855 De
1295 2792 1369 2855 mir.
1389 2810 1475 2855 ausc.

380 2909 455 2987 123,
485 2913 531 2976 ita
562 2917 600 2976 ut
622 2915 836 2978 narrationem
860 2914 975 2977 hancce
998 2933 1061 2976 non
1084 2916 1122 2976 ut
1144 2909 1284 2976 fabulam
1308 2933 1347 2976 ex
1369 2910 1471 2976 nihilo

377 3032 483 3098 fictam
506 3039 704 3100 contemnere
727 3019 821 3100 liceat
835 3031 870 3115 ¹).
904 3033 1087 3099 Sacerdotes
1110 3033 1162 3098 hio
1181 3033 1291 3098 fraude
1311 3055 1384 3099 usos
1403 3054 1470 3099 esse

378 3158 558 3242 suspicatur
587 3156 622 3220 F.
655 3157 693 3220 A.
726 3156 827 3222 Volso
850 3159 872 3221 i.
896 3178 927 3222 v.
954 3156 1127 3242 Dionysus,
1152 3155 1228 3220 Lex.
1253 3156 1365 3222 Rosoh.
1389 3161 1469 3221 tom.

377 3277 403 3356 I,
435 3300 465 3363 p.
500 3276 603 3343 1058:
637 3279 721 3356 „Das
752 3281 786 3344 in
819 3279 874 3343 der
904 3279 1039 3344 Ekstaso
1070 3300 1133 3343 von
1164 3279 1224 3344 don
1248 3279 1396 3344 Bakchon
1420 3299 1473 3365 ga-

378 3400 507 3465 schaute
540 3400 679 3466 Wunder
709 3401 818 3465 warde
850 3400 951 3466 durch
982 3400 1209 3487 Priostertrug‚
1243 3400 1298 3466 der
1328 3403 1395 3466 sich
1419 3400 1478 3464 auf

379 3521 429 3586 die
459 3522 689 3588 unversehrten
722 3521 831 3608 Siegel
861 3543 900 3586 an
932 3521 991 3587 den
1014 3521 1263 3608 Tempelthiiren
1286 3523 1395 3600 beriaf,
1418 3523 1477 3587 auf

411 3743 435 3805 1)
458 3743 527 3791 Idem
549 3747 574 3790 et
598 3741 685 3790 Andrii
709 3741 776 3791 iestis
800 3741 891 3790 Bacchi
913 3742 996 3791 diebus
1020 3743 1114 3792 evenire
1139 3743 1300 3802 affirmabant,
1316 3741 1388 3792 Paos.
1407 3743 1424 3793 1.
1441 3743 1472 3792 l.:

377 3823 482 3887 λέγουσι
508 3822 535 3873 δὲ
560 3822 602 3872 καί
628 3822 735 3885 ’Ἄνδριοι
761 3825 827 3884 παρα
853 3821 911 3881 ’ἔτος
937 3825 1023 3886 σφίσιν
1047 3823 1081 3882 εἰς
1104 3828 1150 3874 τοῦ
1174 3824 1293 3873 Διονύσον
1318 3824 1364 3881 τὴν
1387 3822 1471 3886 ἑορτὴν

378 3907 423 3969 ῥεῖν
441 3904 501 3956 οἰνον
517 3904 661 3967 αὐτόματον
680 3911 707 3954 ἐκ
725 3909 771 3954 τοῦ
789 3907 858 3967 inpos.
877 3905 913 3956 cf.
931 3907 995 3957 Plin.
1013 3907 1076 3956 Hist.
1094 3908 1151 3958 Nat.
1166 3907 1200 3966 ΙΙ,
1221 3908 1274 3966 106,
1289 3909 1330 3957 11:
1346 3908 1375 3956 In
1389 3909 1470 3957 Andro

376 3989 470 4048 insula,
498 3989 590 4053 templo
614 3989 694 4038 Liberi
717 3989 807 4054 patris,
837 3990 928 4038 fontem
951 3989 1026 4039 Nonis
1050 3991 1170 4039 Ianuariis
1194 4007 1287 4054 sempor
1311 3991 1362 4039 vini
1385 4006 1470 4056 sapore

376 4073 448 4121 duero
471 4071 600 4120 Mucianus
617 4078 654 4120 ter
671 4072 754 4120 consul
772 4071 860 4120 credit:
888 4073 946 4130 Διὸς
962 4073 1086 4124 Θεοδοσίο.
1098 4079 1206 4132 vocatur,
1226 4072 1312 4131 XXXI,
1330 4073 1361 4122 ia
1378 4073 1471 4121 Mucia·

375 4169 420 4202 nus
443 4153 497 4216 (ait)
520 4153 596 4202 Andri
619 4170 632 4202 o
655 4155 721 4203 iente
745 4153 825 4202 Liberi
841 4153 930 4212 Patris,
949 4155 1019 4204 statis
1037 4155 1121 4203 diebus
1139 4155 1244 4219 septenis
1262 4155 1313 4204 eius
1331 4155 1370 4204 dei
1387 4155 1470 4204 vinum

375 4238 456 4295 fluere,
480 4237 500 4285 si
518 4238 642 4286 anferatur
659 4254 674 4285 a
691 4243 820 4302 conspectu
838 4237 931 4301 templi,
950 4253 1034 4302 sapore
1051 4237 1077 4286 in
1095 4254 1183 4302 aquam
1201 4244 1348 4287 transeunte.
1367 4265 1399 4275 -
1417 4237 1482 4312 Hoc·

376 4320 433 4385 quid
455 4319 501 4368 sibi
525 4319 592 4379 salit,
615 4319 686 4369 facile
710 4320 883 4385 intelligamus,
907 4320 928 4368 ai
951 4321 1101 4370 conferemus
1118 4321 1199 4370 locum
1216 4337 1253 4370 ex.
1270 4320 1310 4370 Pa.
1327 4319 1392 4370 Plat.
1411 4319 1470 4370 Ione

375 4418 448 4472 supra
464 4402 576 4454 aliatum.
