3354 5262
728 477 874 552 53.

203 663 270 729 afui
292 668 328 727 ut
352 663 449 727 etiam
472 659 558 726 ultro
578 661 730 747 gestirem
754 660 812 726 tali
835 663 1022 747 magisterio
1046 682 1098 726 me
1121 661 1168 724 vel
1188 659 1295 746 ampla

202 805 277 852 cum
300 782 442 849 mercede
465 781 593 847 tradere.
610 789 642 848 et
664 803 793 868 prorsus
815 785 850 848 in
871 785 979 868 ipsum
1001 783 1186 847 barathrum
1209 780 1294 846 saltu

202 908 335 972 concito-v
346 902 585 990 praecipitare'’.
600 903 624 984 ¹)
647 902 781 969 Difficile
805 906 883 980 erit,
899 905 1053 968 mirarum
1072 911 1179 968 rerum
1199 910 1293 989 atque

201 1027 399 1112 magicarum
417 1024 561 1089 studium
580 1023 791 1090 viridioribus
809 1023 979 1110 depingere
998 1023 1168 1089 coloribus.
1184 1023 1294 1111 Neque

199 1147 305 1213 fictam
333 1146 385 1210 hic
407 1145 495 1231 loqui
518 1165 694 1231 personam,
716 1145 769 1210 sed
791 1147 990 1230 ipsissimum
1013 1147 1206 1230 scriptorem,
1232 1168 1295 1211 non
1396 1154 1402 1166 '

101 1299 104 1306 ⁴
198 1266 303 1334 solum
334 1287 444 1332 omnes
474 1265 770 1353 Metamorphoseon
801 1265 886 1344 libri,
918 1265 973 1331 sed
996 1271 1027 1331 et
1051 1271 1153 1332 cetera
1177 1267 1292 1352 Apulei

198 1393 356 1455 testantur
378 1408 481 1475 opera.

241 1509 436 1576 Evolvamus
456 1509 550 1575 modo
572 1510 631 1588 „de
647 1509 704 1576 deo
717 1509 875 1576 Socratis’
889 1509 1018 1588 librum,
1033 1509 1290 1596 disputationem,

198 1631 466 1718 quemadmodum
484 1631 589 1696 voluit
606 1634 750 1718 scriptor,
771 1631 1035 1718 philosophicam.
1053 1631 1102 1696 Ibi
1115 1632 1291 1698 desummo

198 1753 340 1832 numine,
359 1753 397 1818 de
416 1753 547 1818 deorum
564 1759 687 1832 natura,
700 1754 754 1819 sed
766 1756 932 1839 praecipue
944 1753 982 1818 dc
995 1753 1201 1819 daemonibus
1212 1757 1291 1840 agit.

198 1875 399 1940 Dacmonum
422 1873 571 1939 describit
590 1875 723 1958 ordines,
744 1875 854 1940 definit
863 1880 1069 1960 potestatem,
1090 1875 1225 1940 delineat
1247 1877 1291 1940 vi-

197 2001 274 2062 tam.
294 1994 495 2060 Daemonum
512 2015 645 2081 magnas
664 2017 730 2062 esse
749 1999 784 2060 in
795 1997 889 2062 rebus
900 1997 1048 2062 humanis
1060 2002 1164 2083 partes
1177 1996 1291 2062 diserte

198 2118 283 2201 dicit,
304 2139 441 2183 necnon
461 2125 492 2184 et
512 2121 630 2204 species
651 2118 838 2204 quandoque
858 2118 1050 2184 daemonum
1062 2119 1211 2184 humanis
1224 2140 1291 2184 sese

197 2238 304 2304 offerre
327 2240 479 2304 sensibus.
505 2239 587 2319 Quin
611 2243 709 2305 etiam
728 2239 964 2327 Pythagoreos,
986 2261 1124 2326 quorum
1147 2240 1292 2305 addictus

196 2368 262 2427 erat
292 2360 435 2446 placitis,
467 2359 559 2427 valde
589 2364 700 2426 mirari
729 2363 837 2441 refert,
869 2365 897 2428 si
929 2365 1000 2448 quis
1031 2363 1197 2428 daemones
1229 2363 1290 2428 sibi

196 2503 359 2567 nunquam
382 2504 449 2549 esse
472 2486 557 2549 visos
580 2483 725 2549 affirmet.
738 2484 764 2566 2)
788 2486 892 2570 Atque
916 2485 973 2549 hac
997 2483 1236 2569 daemonologia
1259 2489 1291 2548 et

197 2603 432 2690 philosophiam
461 2606 522 2669 viri
552 2606 706 2669 contineri
720 2601 754 2685 ³),
778 2605 830 2670 vel
852 2605 925 2670 inde
949 2609 1035 2690 patet
1059 2604 1142 2689 quod
1166 2605 1291 2691 Augus-

197 2727 293 2803 tinus,
325 2724 498 2810 Apuleium
527 2727 611 2789 inter
640 2725 842 2813 philosophos
869 2726 953 2791 haud
976 2725 1126 2790 infimum
1149 2726 1290 2791 obtinere

196 2845 303 2911 locum
321 2853 409 2912 ratus
422 2844 457 2927 ⁴),
478 2846 686 2931 disputationi
702 2846 753 2911 illi
772 2846 810 2912 de
830 2846 887 2913 deo
905 2845 1041 2913 Socratis
1056 2846 1290 2934 redarguendae

197 2966 335 3032 multam
358 2967 411 3034 vel
433 2969 565 3034 navavit
586 2988 714 3052 operam
737 2967 789 3033 vel
810 2968 949 3060 perdidit
960 2969 997 3054 ⁵).

241 3087 384 3174 Denique
406 3091 433 3154 si
457 3088 495 3154 ad
515 3091 716 3155 notissImum
735 3089 827 3154 illam
844 3111 900 3155 nos
920 3091 1078 3155 vertimus
1098 3089 1289 3175 apologiam,

198 3230 278 3295 quac
300 3209 400 3296 vulgo
420 3209 478 3289 „do
497 3211 625 3296 magia’'
646 3216 856 3295 nuncupatur,
877 3210 987 3276 eadem
1007 3215 1184 3276 occurrunt.
1206 3211 1291 3296 Apu-

197 3330 279 3397 leius
313 3331 387 3396 licet
416 3332 579 3417 splendide
610 3354 642 3398 se
673 3333 857 3410 defenderit,
886 3332 962 3397 licet
990 3333 1105 3397 iudicis
1135 3333 1290 3397 sententia

198 3477 366 3488 ——--

329 3589 336 3601 .
367 3550 388 3610 1,
423 3587 429 3599 .

231 3553 258 3697 di
275 3551 381 3682 hJddtddo
405 3550 470 3682 decr.
495 3632 537 3681 20:
556 3633 589 3680 At
609 3631 673 3680 onim
690 3630 862 3696 Pythagoricos
880 3630 963 3679 mirari
981 3630 1070 3695 oppido
1088 3629 1182 3690 solitos,
1199 3630 1220 3679 si
1237 3631 1290 3696 quis

199 3733 224 3766 ss
252 3721 350 3781 negaret
375 3731 482 3780 unquam
508 3714 595 3763 vidisse
620 3713 770 3773 daemonem,
796 3713 863 3772 satis,
890 3719 917 3761 ut
939 3729 999 3771 reor,
1024 3711 1124 3761 idoneus
1148 3718 1232 3762 auctor
1255 3719 1292 3762 est

201 3799 448 3943 Arditodiieblcmz,
470 3880 540 3928 uum.
563 3877 622 3930 Litt.
643 3883 701 3928 tom.
718 3877 767 3937 III,
784 3894 808 3942 p.
827 3876 887 3928 117:
906 3902 955 3936 „—
970 3877 1009 3926 die
1025 3877 1183 3942 Philosophia
1200 3894 1249 3926 vvor
1265 3878 1290 3926 in

198 3965 279 4014 soincn
295 3964 322 4024 (i.
340 3980 360 4012 c.
377 3963 503 4027 Apuleius)
520 3964 604 4025 Augen
621 3961 689 4010 nicht
706 3961 748 4009 dus
764 3959 840 4009 Roiob
856 3959 944 4008 lichtst
961 3959 1090 4008 Gadanlsen
1107 3987 1140 3997 -
1157 3959 1195 4008 die
1209 3959 1291 4008 Philo·

198 4047 281 4111 sophie
305 4061 354 4094 vvar
378 4045 429 4094 ihm
453 4045 521 4093 mehr
545 4042 662 4092 Kenntnis
688 4043 729 4092 dor
746 4043 908 4106 verborgenen
925 4041 1009 4090 Kriitc
1028 4041 1070 4090 der
1087 4040 1165 4090 Natur
1183 4042 1231 4091 und
1248 4043 1290 4091 der

199 4128 385 4274 Geditehrdgitllc
399 4209 443 4258 civ.
457 4208 510 4268 Dsi,
524 4207 593 4267 VIII,
611 4207 649 4256 12.
664 4207 700 4267 „hl
715 4207 801 4272 quibus
816 4209 857 4269 (sc.
871 4205 1013 4266 Platonicis)
1022 4210 1078 4254 sunt
1087 4205 1157 4254 valde
1166 4205 1291 4256 nobilitati

200 4294 293 4353 Graeci,
310 4293 430 4351 Plotium,
447 4291 603 4351 lamblichus,
620 4291 779 4356 Porphyrius:
796 4290 822 4338 in
839 4295 939 4352 utruque
956 4294 1036 4336 autern
1053 4288 1144 4352 lingua,
1163 4288 1188 4337 id
1206 4295 1249 4348 est,
1266 4295 1290 4338 et

200 4393 284 4442 masos
301 4382 325 4425 st
340 4375 426 4433 latina,
445 4373 558 4438 Apuleius
574 4375 633 4422 Afer
649 4373 742 4422 exstitit
758 4371 898 4421 Platonicus
914 4369 1028 4418 nobilis”.

235 4460 258 4521 5)
274 4458 310 4507 Dc
328 4457 374 4507 civ.
392 4455 445 4514 Dei,
463 4454 530 4515 VIII,
547 4455 653 4515 ls-aa,
669 4455 711 4515 IX,
729 4455 752 4515 8,
770 4452 965 4513 c-c,10-1c.
