3350 5264
884 445 925 512 76

536 627 619 690 νυκτὶ
645 628 695 690 καὶ
721 631 890 706 θφθαλμῶν
914 627 1011 692 νύκτα
1037 627 1252 706 καθηράμενος.

491 749 646 812 Ἀσκθιτιον
670 749 696 812 δ’
721 751 762 820 εἰς
788 747 868 814 ῶστυ
894 751 1091 828 κατέστιχον,
1116 747 1203 829 ὄργια
1227 755 1326 824 Δήοῶς

534 871 686 951 κηρύσσων
709 868 852 948 γλύσσής
878 873 998 948 θμμασι
1024 871 1206 949 τρανότερον.

355 1022 423 1102 Quo
447 1022 485 1086 de
508 1024 740 1108 epigrammate
764 1021 864 1107 deque
888 1021 978 1087 donis
1002 1024 1121 1087 votivis
1144 1021 1293 1086 Eleusine
1316 1026 1449 1108 repertis

354 1143 427 1209 data
458 1164 552 1229 opera
583 1143 761 1228 disputavit
792 1142 999 1219 Ruuuusorrm
1033 1143 1107 1207 Ath.
1141 1143 1230 1206 Mitt.
1262 1151 1340 1209 tom.
1373 1143 1446 1220 XX,

352 1288 383 1351 p.
416 1262 604 1348 360-367,
637 1265 856 1351 eiusmodique
888 1267 1067 1330 sanationes
1098 1263 1260 1328 mirabiles
1283 1263 1448 1343 (Wunder-

351 1386 466 1466 kuren)
498 1407 516 1451 a
548 1385 669 1453 Cereris
700 1387 790 1452 cultu
820 1389 950 1451 omnino
973 1385 1091 1450 alienas
1115 1407 1177 1450 non
1200 1386 1298 1450 fuisse
1321 1387 1447 1452 demon·

350 1512 474 1586 stravit,
499 1493 675 1573 Paus'aniae
699 1508 796 1573 allato
821 1510 1014 1584 testimonio,
1040 1507 1108 1584 Vll,
1134 1526 1200 1583 xrs,
1227 1507 1257 1571 5.

395 1631 467 1722 Jam
503 1629 701 1698 Clementem
737 1630 905 1695 audiamus
940 1635 1010 1714 post
1047 1632 1123 1693 satis
1158 1630 1322 1694 confusam
1355 1629 1446 1694 illam

351 1755 565 1838 mysticorum
597 1751 791 1816 solemnium
820 1752 1063 1837 descriptionem
1086 1772 1159 1815 cum
1183 1754 1374 1837 gravissima
1396 1755 1446 1816 in-

351 1875 534 1961 dignatione
559 1873 800 1951 exclamantem,
832 1873 936 1938 Pro'tr.
964 1880 1042 1938 tom.
1067 1872 1092 1949 Ι,
1117 1895 1146 1957 p.
1172 1873 1225 1938 22.
1251 1873 1307 1937 ud.
1333 1873 1444 1938 Dind.:

352 1994 468 2072 „¹'AEra
487 1995 542 2071 μὲν
563 1993 612 2060 οὖν
632 1998 735 2067 νυκτὸς
757 2001 798 2059 τοὶ
819 1996 1002 2070 τελέσματα
1022 1995 1074 2058 καὶ
1096 1996 1184 2072 τυρὸς
1206 1997 1256 2059 καὶ
1278 2001 1331 2060 τοῦ
1346 2020 1446 2072 μεγα-

350 2119 483 2194 λήτορος,
515 2121 637 2194 μᾶλλον
661 2117 691 2182 δὲ
715 2119 940 2194 ματαιύΦρονος
965 2117 1159 2196 Ἐρεχθειδῶν
1185 2115 1291 2200 δήμου,
1317 2120 1387 2196 τρθς
1414 2117 1445 2181 δὲ

351 2239 402 2303 κα)
426 2245 483 2302 τῶν
502 2237 605 2302 ἄλλων
627 2241 792 2317 Ἑλλήνων,
816 2237 954 2310 ούστινας
979 2239 1062 2316 μένει
1087 2242 1336 2311 τελευτήσαντας
1360 2236 1444 2303 ἅσσα

350 2360 415 2426 οὐδὲ
446 2360 602 2428 ἔλσονται.
642 2362 704 2426 τθσι
736 2363 770 2434 δή
803 2363 992 2436 μαντεύεται
1018 2360 1214 2438 Ἡράκλειτος
1240 2362 1253 2426 θ
1279 2361 1443 2438 ἘΦέοιοςς

349 2483 553 2561 νυκτιτύλοις,
577 2485 703 2562 μούνοις,
727 2483 875 2562 βύκχοις,
899 2486 1016 2560 λήναις,
1043 2485 1196 2556 μύσταις·
1223 2484 1338 2554 τούτοις
1359 2486 1446 2548 ῶτει-

348 2613 400 2670 λεῑ
429 2608 470 2670 τοὶ
503 2605 588 2681 μετὰ
619 2606 757 2684 θοίνατον,
790 2605 905 2675 τούτοις
937 2604 1126 2681 μαντεύεται
1150 2607 1184 2669 τὸ
1210 2610 1288 2683 τῶρ·
1314 2605 1356 2669 rai
1380 2607 1444 2683 γοὶρ

348 2725 529 2808 νομιζόμενα
568 2729 638 2790 κατ’
674 2727 841 2806 ἀνθρώπους
880 2728 1031 2807 μυστήρια
1067 2727 1221 2803 οὶνιεροιστὶ
1259 2727 1442 2804 μυοῦνται”.

348 2850 476 2936 Mystae
513 2869 589 2935 ergo
624 2869 686 2912 non
723 2847 785 2913 alio
818 2847 887 2914 loco
923 2849 976 2913 hic
1010 2825 1177 2924 habentur,
1215 2869 1310 2934 quam
1342 2851 1441 2933 magi.

347 2972 434 3036 Neve
457 2976 550 3056 putes
575 2968 775 3036 Clementem
799 2971 874 3034 haec
898 2973 943 3034 sic
966 2975 1085 3035 temere
1109 2992 1147 3034 ex
1171 2969 1333 3035 Heraclito
1359 2993 1443 3035 sum·

346 3093 432 3155 sisse.
471 3090 619 3155 Assolent
652 3090 829 3158 Christiani
861 3095 1030 3176 scriptores
1054 3095 1180 3178 magiae
1205 3095 1338 3156 crimine
1361 3096 1443 3164 invi-

346 3213 432 3277 diam
467 3213 601 3278 conflare
637 3216 869 3300 mysteriorum
904 3220 935 3278 et
970 3214 1154 3278 auctoribus
1190 3221 1222 3277 et
1253 3213 1440 3279 cultoribus.

346 3332 509 3418 Origenes,
539 3337 630 3418 isque
654 3334 896 3420 apologetarum
918 3333 1013 3420 longe
1037 3335 1320 3415 moderatissimus,
1345 3356 1442 3400 saeer-

345 3454 443 3537 dotes,
476 3457 531 3539 qui
561 3454 718 3518 Hadriani
746 3459 838 3518 iussu
869 3453 982 3519 teletas
1011 3457 1044 3518 in
1067 3455 1200 3519 Antinoi
1221 3455 1373 3520 honorem
1396 3459 1440 3520 in-

344 3577 523 3652 st'tuerant,
556 3577 742 3660 turpissima
773 3575 891 3652 γοήτων
923 3575 1136 3661 appellatione
1166 3583 1265 3655 notat,
1297 3575 1331 3643 C.
1357 3576 1439 3644 Cels.

345 3693 402 3773 Ill,
435 3694 477 3760 36
492 3693 528 3775 ¹).
564 3698 674 3781 Neque
705 3696 800 3761 aliter
823 3695 892 3762 loco
916 3701 1083 3763 notissimo
1107 3696 1440 3784 JohannesChrysos-

345 3822 470 3895 tomus,
495 3817 542 3883 De
573 3818 619 3883 St.
644 3819 719 3884 Bab.
748 3819 788 3884 13
813 3820 884 3900 (ud.
908 3820 1014 3885 Diibn.
1039 3843 1069 3906 p.
1096 3821 1190 3902 234);
1218 3821 1277 3886 Καὶ
1302 3826 1359 3883 τῶν
1383 3822 1439 3895 μὲν

346 3941 448 4002 θυσιῶν
478 3940 530 4002 καὶ
563 3947 620 4003 τῶν
652 3943 787 4022 αἰσχρῶν
819 3942 1059 4018 ἐπιτελουμένων
1092 3951 1223 4007 τελετῶν
1249 3980 1291 3992 -
1316 3942 1436 4020 τύρεισι

343 4064 398 4138 (sc.
424 4059 604 4141 daemones)
628 4061 680 4125 καὶ
706 4063 932 4144 εὐφραίνονται,
957 4062 1014 4126 κῶν
1039 4068 1211 4142 κακοῦργοι,
1237 4063 1294 4128 κῶν
1314 4064 1436 4142 γθήτες,

344 4179 402 4244 κῶν
436 4181 533 4254 λοιμοὶ
566 4184 591 4247 οἷ
623 4188 725 4247 ταῦτα
757 4188 918 4256 τελοῦντες
951 4181 1019 4247 ὦσι·
1051 4188 1174 4260 μῶλλον
1204 4185 1235 4249 δὲ
1266 4185 1332 4249 οὐδέ
1362 4185 1436 4250 εἰσιν

377 4409 564 4473 l)1lusiushoc
581 4414 679 4464 deloco
697 4415 722 4464 in
741 4417 755 4477 ξ
775 4415 804 4463 lt
821 4414 1007 4479 disputabimus.
