3350 5264
718 446 780 512 115

249 629 320 695 Νο0
353 633 460 694 tamen
494 631 691 713 questionem
725 629 764 693 ed
794 632 917 694 exitum
949 633 994 695 sio
1025 651 1091 695 esse
1122 630 1291 695 adductam

203 773 281 818 reor.
304 750 442 815 Fraudee
465 753 551 814 enim
574 753 608 814 in
631 772 664 816 00
688 751 796 816 divina
818 751 934 836 ubique
958 751 1089 829 odorari,
1113 751 1188 817 licet
1210 752 1291 815 frau-

203 874 295 939 dibus
339 872 526 958 quandoque
568 875 618 936 usi
653 875 718 937 sint
752 873 937 956 sacerdotes,
972 875 1120 958 iniquum
1153 869 1292 939 videtur.

204 993 324 1059 Verum
362 1014 463 1079 neque
498 993 541 1058 du
570 993 670 1058 Prelii
700 997 924 1072 coniecturam,
957 999 994 1058 ut
1026 992 1184 1059 Ciceronis
1222 1001 1294 1059 utar

133 1173 135 1176 ,
204 1117 318 1194 verbis,
362 1117 517 1179 sustinere
555 1117 683 1200 possim,
719 1117 746 1179 si
780 1115 890 1192 velim,
926 1136 982 1180 nec
1018 1114 1127 1193 velim,
1163 1118 1190 1180 si
1226 1137 1295 1200 poe·

206 1241 276 1303 sim.
315 1237 444 1302 Scilicet
479 1257 496 1301 a
531 1238 674 1301 sensibus
707 1235 852 1330 alienatis
883 1237 940 1302 illa
972 1257 1122 1302 reverane
1146 1239 1296 1302 eveniant

205 1359 369 1436 miracula,
401 1358 531 1423 videant
561 1357 760 1445 psychologi,
785 1359 915 1424 videant
938 1357 1139 1445 physiologi;
1165 1359 1203 1423 ad
1227 1359 1296 1442 phi-

205 1482 327 1568 lologos
357 1479 435 1545 talia
461 1501 524 1544 non
546 1482 715 1565 pertinent.
739 1479 801 1544 Sed
828 1483 934 1545 omnia
958 1479 1029 1545 luce
1052 1480 1127 1544 fient
1152 1479 1295 1556 clariora,

206 1607 234 1668 0
264 1602 373 1668 usum
398 1623 436 1667 ex
459 1601 553 1666 osen.
580 1599 743 1688 chrysost.
769 1601 854 1666 orat.
879 1578 937 1679 00,
960 1624 991 1688 p.
1017 1601 1081 1667 205
1105 1601 1164 1666 ue.
1189 1601 1295 1678 000,

207 1745 301 1810 quem
321 1721 393 1808 §17
414 1726 532 1808 partim
552 1723 766 1802 exhibuimus,
788 1730 891 1788 totum
914 1745 996 1789 nunc
1019 1725 1295 1809 exscripserimus:

206 1847 258 1910 Ἐν
284 1845 346 1923 γὰρ
368 1853 429 1916 τοῖς
452 1841 540 1924 “noe
564 1833 792 1923 γεγραμμένοις
818 1846 963 1926 ὀνείρασιν
984 1847 1009 1909 οἱ
1031 1845 1175 1922 ἄνθρωποι
1197 1844 1297 1908 τοιαθ·

207 1992 264 2040 τας
290 1963 375 2047 ἕψεις
400 1967 494 2045 δρῶσι,
518 1971 567 2030 νῦν
590 1968 646 2044 μὲν
670 1967 821 2039 δοκοῦντες
847 1969 1043 2042 ἀποθνήσκειν
1065 1969 1115 2032 καὶ
1137 1967 1299 2031 σκυλεύετ-

208 2091 267 2168 θαι,
300 2085 394 2154 ποθλιν
426 2089 456 2153 δὲ
480 2088 663 2153 ἀνίστασθαι
689 2091 739 2153 καὶ
765 2087 928 2170 μοθχεοθαι
952 2091 1061 2167 γυμνοὶ
1086 2087 1179 2167 ὄντες,
1206 2090 1299 2154 ἐνίοτε

208 2212 238 2276 δὲ
275 2209 399 2287 οἰόμενοι
436 2210 548 2274 διθιιειν
584 2210 633 2274 καὶ
670 2219 733 2282 τοῖς
766 2210 1071 2288 θεοῖσδιαλέγεσθαι
1104 2211 1154 2274 καὶ
1189 2211 1299 2283 αὑτοὺς
1393 2245 1397 2250 ’

208 2333 424 2412 ἀποσφάττειν
457 2333 508 2397 καὶ
541 2332 666 2409 μηδενὸς
698 2313 790 2397 δεινοῦ
825 2327 907 2404 θντοο
926 2333 988 2414 ιιοιὶ
1017 2311 1183 2422 'adsumi
1208 2333 1299 2414 τύχοι

209 2454 294 2534 ποτέ,
327 2454 471 2518 πέτεσθαι
504 2453 555 2518 καὶ
587 2453 725 2532 βαδίζειν
757 2454 805 2519 ε’πδ
831 2461 885 2526 τῆς
910 2453 1079 2528 θαλοὶττνς.
1116 2454 1244 2520 Etenim
1268 2459 1302 2520 in

209 2599 319 2644 somno
342 2575 608 2654 1110,,000101100”
633 2599 707 2641 cum
731 2581 798 2640 tam
822 2577 981 2648 mirabilia
1003 2577 1144 2642 viderint
1165 2586 1301 2664 mystae,

210 2700 321 2786 quidni
344 2705 376 2764 01
398 2703 548 2784 penetra
561 2697 596 2780 ¹),
620 2721 676 2784 per
700 2720 825 2784 equam,
850 2702 1043 2785 perignem,
1066 2699 1210 2784 denique,
1233 2699 1301 2764 solo

209 2822 399 2898 dehiscente,
436 2825 468 2882 01
502 2841 558 2903 per
592 2825 710 2883 terram
744 2841 776 2884 se
810 2818 892 2883 latos
924 2841 990 2884 esse
1023 2817 1235 2884 crediderint?
1269 2821 1304 2884 Si

210 2943 338 3030 quidem
362 2943 518 3008 eiusmodi
541 2944 611 3007 visa
633 2963 695 3006 non
719 2963 737 3006 a
759 2943 902 3006 sensibus
926 2947 1053 3007 tantum
1074 2941 1228 3020 alienatis,
1249 2942 1303 3007 sed

145 3095 148 3104 ·
209 3063 294 3130 nulli
315 3047 378 3129 non
401 3085 468 3131 sese
492 3064 626 3129 offerunt
650 3066 832 3149 somnianti.

247 3295 270 3355 1)
286 3293 323 3343 ef.
342 3293 373 3342 H.
391 3291 601 3350 Wu1uu1.‚Wirk.
620 3292 643 3341 d.
662 3291 763 3350 Geistes,
780 3308 803 3356 p.
822 3291 871 3340 205
890 3308 924 3356 sq.
