3354 5262
722 1354 794 1444 gs.

254 1551 353 1618 Plane
384 1553 544 1620 diversam
575 1552 614 1616 de
642 1552 751 1618 Isiacis
775 1555 940 1639 mysteriis
964 1539 1101 1638 protulit
1123 1556 1315 1618 sententiam

210 1674 434 1740 Buacuussur
453 1695 510 1740 nec
529 1679 638 1739 tamen
656 1677 765 1740 minus
785 1673 928 1759 dignam,
947 1693 1043 1758 quam
1057 1677 1202 1738 accurate
1213 1695 1318 1739 recen-

210 1817 347 1861 seamus.
379 1795 526 1880 Namque
557 1795 789 1872 Buuouussor,
822 1815 897 1859 cum
921 1815 984 1859 non
1006 1795 1041 1857 in
1065 1797 1155 1878 parte
1180 1794 1318 1878 quadam

210 1916 397 2002 disciplinae
432 1922 632 1982 consumeret
667 1921 806 2001 tempus,
839 1916 893 1980 sed
923 1920 1026 1980 totam
1057 1895 1321 2002 complecteretur

211 2036 431 2123 disciplinam,
467 2037 561 2103 rebus
595 2040 679 2102 inter
714 2058 747 2102 se
780 2039 946 2123 ingeniose
988 2040 1179 2123 comparetis
1218 2035 1323 2102 multa

211 2179 292 2244 quae
315 2155 393 2223 alios
412 2157 572 2223 latuerant
593 2160 752 2244 sagaciter
771 2158 948 2246 indagavit,
969 2157 1145 2244 multisque
1166 2158 1204 2223 de
1228 2158 1322 2223 rebus

213 2278 401 2367 popularem
421 2283 604 2368 opinionem
624 2283 774 2347 mutavit.
797 2280 834 2344 In
849 2281 933 2346 libro
946 2286 1056 2346 autem
1068 2279 1322 2348 de'Oonstantini

213 2399 329 2487 Magni
351 2406 464 2480 aetate,
490 2423 566 2468 cum
589 2409 621 2468 et
644 2403 683 2468 de
706 2403 801 2468 rebus
822 2401 940 2468 divinis
960 2401 1037 2486 quid
1057 2404 1214 2468 senserint
1232 2402 1322 2469 illius

218 2525 373 2608 temporis
401 2523 547 2588 homines
572 2526 711 2608 exponit,
736 2543 887 2588 arcanum
908 2522 1002 2588 Isidis
1027 2522 1152 2588 cultum
1175 2527 1231 2610 qui
1254 2529 1322 2590 toto

220 2643 352 2710 florebat
381 2647 516 2730 imperio
547 2645 690 2711 Romano
721 2666 796 2710 cum
828 2645 1024 2711 solemnibus
1050 2667 1131 2730 quae
1154 2648 1217 2732 ipsi
1247 2644 1325 2712 cele-

220 2765 352 2830 brabant
371 2767 538 2854 Aegyptii,
556 2788 621 2832 uno
638 2766 707 2832 loco
722 2789 785 2832 non
797 2788 865 2831 esse
877 2767 1059 2832 habendum
1071 2772 1155 2832 recte
1166 2771 1276 2832 monet
1288 2763 1326 2846 ¹).

222 2885 374 2954 Ceterum
408 2887 592 2974 perdifficile
629 2909 707 2966 esse,
742 2891 928 2954 interiorem
956 2891 1187 2976 mysteriorum
1218 2907 1329 2952 eruere

222 3028 362 3086 sensum,
398 3029 473 3074 cum
508 3012 638 3074 omnino
674 3007 895 3096 Aegyptiacae
930 3009 1006 3075 deae
1044 3007 1129 3094 apud
1167 3008 1329 3074 Romanos

222 3128 331 3195 cultus
361 3152 424 3196 uon
456 3131 566 3196 eadem
598 3153 724 3217 semper
748 3133 846 3198 fuerit
868 3133 982 3199 forma.
1007 3130 1329 3220 Denique-quidquid

224 3249 262 3316 de
295 3251 405 3317 Isiacis
436 3255 585 3338 cognosci
615 3249 724 3338 possit,
758 3275 796 3319 er
826 3253 995 3318 undecimo
1025 3253 1329 3337 Metamorphoseon

223 3371 306 3438 libro
331 3374 531 3440 efficiendum
551 3395 627 3452 esse,
651 3375 727 3440 licet
745 3375 796 3438 hio
817 3395 942 3459 quoque
959 3377 993 3438 iu
1011 3376 1131 3439 incerto
1151 3394 1327 3451 versemur,

226 3497 339 3558 utrum
362 3495 519 3579 Apuleius
542 3516 581 3560 ex
605 3494 714 3560 ordine
736 3497 934 3560 enarraverit
957 3497 1065 3560 omnia
1087 3515 1126 3560 an
1146 3494 1330 3581 philosophi

226 3618 260 3679 in
280 3616 413 3682 modum
435 3616 472 3682 de
491 3639 549 3683 suo
573 3618 729 3702 quaedam
753 3615 919 3682 addiderit.
944 3615 1013 3682 Hoc
1037 3623 1144 3682 tamen
1166 3622 1251 3682 certo
1271 3637 1334 3680 cer-

230 3739 294 3801 tius
317 3741 470 3815 constare,
495 3739 621 3803 beatam
645 3743 677 3802 et
700 3736 756 3802 illa
781 3737 926 3823 pollicito
945 3757 1011 3803 esse
1031 3740 1186 3824 mysterio
1203 3739 1333 3802 immor-

229 3856 404 3937 talitatem
437 3858 492 3923 sed
523 3858 601 3944 quid
629 3860 755 3922 intimis
784 3859 817 3920 in
853 3857 961 3942 adytis
991 3856 1115 3922 dictum
1139 3860 1193 3935 sit,
1217 3857 1335 3942 quidve

229 3977 363 4062 factum,
392 3979 452 4044 hoc
483 3999 609 4064 semper
639 3999 696 4042 nos
726 3977 826 4042 lateat
856 3997 980 4042 necesse
1012 3998 1090 4042 esse.
1122 3977 1222 4043 Lucio
1252 3977 1336 4042 nihil

204 4077 368 4184 'profanis
390 4099 529 4166 indicare
551 4100 691 4177 licuisse,
716 4101 779 4162 nisi
802 4097 887 4182 quod
910 4097 1084 4183 symbolice
1108 4098 1198 4164 sedes
1222 4099 1337 4164 adierit

230 4221 356 4300 inferes,
377 4220 532 4307 Isidisque
555 4223 693 4307 benigno
718 4219 871 4284 revixerit
895 4218 1013 4284 favore.
1037 4218 1098 4283 Sed
1122 4218 1228 4285 locum
1251 4239 1339 4304 prae-

266 4463 290 4524 1)
306 4463 329 4511 J.
348 4429 534 4522 lisbonenses,
550 4462 597 4510 Dio
615 4461 667 4510 Zeit
685 4456 852 4508 Constantine
870 4456 911 4504 des
929 4457 1054 4507 Grcssen²
1077 4475 1099 4523 p.
1119 4460 1174 4508 195.

1201 4558 1215 4603 2
