3354 5262
724 447 765 513 73

200 603 259 695 rien
290 630 396 695 Boden
427 631 482 695 der
508 630 648 696 Realittit
671 631 896 714 iibertragen’'.
932 631 1114 696 Indicorum
1138 652 1211 696 sane
1235 633 1293 695 eir-

198 752 376 817 oulatorum
407 755 596 838 praestigias
627 755 660 816 in
691 757 833 818 montem
861 757 987 818 revocat
1009 752 1106 818 sehol.
1131 753 1170 818 ad
1192 752 1290 818 Hom.

197 873 233 937 Il.
259 883 286 938 N
302 872 362 937 21:
391 873 509 954 Λένέιι]
534 873 622 944 πόλις
647 875 785 952 Ἀχαίας
811 874 840 936 ἐν
865 877 1080 952 Πελοποννήσῳ
1095 871 1130 952 ¹),
1156 873 1226 937 ἔνθα
1250 895 1293 936 τι-

195 997 296 1070 μῖοτοοι
328 993 384 1068 μὲν
415 992 618 1072 δΠοσειδῶν,
650 993 766 1072 ἄγεται
798 993 828 1058 δὲ
860 993 911 1057 καὶ
942 995 1074 1075 Διονύσῳ
1099 995 1194 1072 ἑορτή,
1219 994 1248 1057 ἐν
1274 990 1293 1076 ᾖ

195 1114 363 1190 ἐαυμοέσιον
395 1115 603 1180 ἐτιτελεῖσθαέ
632 1122 728 1196 Φασιν
754 1113 849 1196 ἔργον,
875 1116 998 1180 ἐτειδοδν
1023 1120 1037 1180 ο“
1060 1117 1147 1196 χόρος
1169 1115 1290 1187 ,σνστοδς

195 1239 253 1308 τοὶς
278 1240 330 1300 τοῦ
356 1235 492 1312 δαίμονος
517 1238 651 1309 τελετὰς
673 1237 814 1319 ἐργοοέζρ·
837 1237 973 1314 ιἰμτελοι
994 1237 1067 1316 aaa,
1088 1229 1125 1308 ἃς
1147 1243 1291 1302 καλοῦσιν

198 1357 375 1436 ἐφημέρους,
400 1359 584 1438 ἀνισχούσης
608 1353 664 1435 μὲν
691 1359 804 1438 ἡμέρας
830 1359 1043 1437 βλαστάνουσι
1068 1359 1193 1440 καρπόν,
1214 1355 1290 1424 ὥστε

197 1480 359 1558 δρέτονταρ
385 1481 496 1552 αὐτοὺς
521 1481 650 1562 ἑσπέρας
674 1476 746 1546 οἶνον
767 1481 896 1563 ἄφθονον
917 1479 1011 1563 ἐχειν.
1034 1483 1050 1556 ἡ
1071 1483 1186 1562 ἱστορία
1206 1483 1290 1560 παροδ

197 1601 361 1680 Εὐφορέονι
376 1600 414 1683 ⁹).
449 1601 510 1667 Sed
543 1603 619 1688 quid
651 1600 762 1689 plura?
799 1603 842 1668 Ut
873 1603 993 1668 Hecate
1024 1606 1107 1668 inter
1137 1604 1219 1681 deas,
1248 1606 1292 1668 sio

196 1727 280 1788 inter
313 1725 386 1789 deos
417 1723 579 1811 Dionysus
611 1725 683 1788 κατ’
715 1723 825 1804 ἐξοχὴν
849 1725 1046 1790 mirabilium
1070 1747 1178 1790 rerum
1201 1725 1293 1790 habe·

196 1847 290 1911 batur
324 1852 449 1924 auotor;
483 1853 577 1931 atque
608 1847 664 1910 ubi
693 1849 827 1910 numina
857 1846 1012 1932 miracula
1043 1847 1151 1924 edunt,
1183 1847 1229 1911 ibi
1260 1852 1293 1910 et

150 2020 153 2025 .
196 1967 286 2032 festis
309 1970 481 2031 numinum
505 1967 616 2032 diebus
641 1970 793 2033 eveniunt
815 1967 978 2032 miracula.

242 2077 469 2154 samothraciis
493 2092 589 2154 saeris
612 2091 728 2155 initiat'
755 2096 840 2154 tutos
864 2111 930 2154 sese
953 2094 985 2154 et
1008 2111 1026 2154 a
1050 2091 1292 2176 tempestatibus

196 2212 369 2274 maritimis
403 2217 435 2274 et
466 2211 504 2275 ab
538 2211 685 2276 omnibus
716 2213 844 2275 omnino
874 2210 1025 2295 periculis
1056 2212 1291 2289 existimabant,

181 2327 301 2394 Sobel.
328 2330 367 2394 ad
391 2330 553 2415 Aristoph.
579 2331 653 2395 Pao.
678 2328 761 2396 277:
787 2333 839 2395 Ἐν
863 2333 1047 2416 Σαμοθρᾴκῃ
1068 2329 1144 2406 ἦσαν
1165 2335 1292 2398 reserat

195 2473 285 2528 τινες,
310 2441 348 2521 ais
374 2450 491 2514 ἐδόκουν
515 2453 671 2514 τελεῖσθαι
695 2453 766 2530 πρὸς
793 2450 1043 2532 ἀλεξιφάρμακα
1064 2477 1133 2523 τινα
1153 2453 1291 2518 κινδύνων

195 2570 249 2638 vel
280 2572 310 2634 ἐν
337 2573 477 2643 κινδύνοις
503 2572 534 2636 δὲ
558 2573 713 2649 γενόμενοι
739 2575 944 2638 ἐπεκαλοῦντο
969 2575 1038 2648 τοὺς
1063 2575 1224 2654 δαίμονας,
1248 2569 1290 2648 οἷς

196 2691 311 2756 ἐδόκουν
336 2695 523 2772 μεμυῆσθαι,
549 2675 735 2773 ἐπιφανῆναι
761 2696 812 2759 καὶ
833 2695 997 2774 οέλεξῆσαι,
1018 2697 1057 2761 ad
1078 2719 1109 2762 v.
1133 2694 1217 2763 278:
1237 2697 1291 2762 Τοδ

195 2816 348 2893 μυστήρια
378 2817 436 2879 τῶν
462 2785 630 2894 Καβείρων.
667 2817 782 2881 δοκοῦσι
808 2817 837 2881 δέ
863 2818 889 2882 οδ
913 2819 1101 2894 μεμυνμένοι
1127 2823 1231 2882 ταῦτα
1257 2820 1290 2882 ἐκ

194 2937 293 3001 δεινῶν
323 2938 467 3018 σώζεσθαι
501 2938 552 3002 καὶ
583 2939 617 3002 ἐκ
639 2939 809 3018 χειμώνων.
847 2939 948 3020 Quem
973 2941 1132 3006 adfinem
1156 2947 1291 3028 mystae,

194 3067 232 3123 ut
255 3080 351 3144 supra
373 3059 523 3136 vidimus,
548 3060 644 3125 sasoia
667 3082 825 3146 purpurea
848 3050 993 3128 ventrem
1017 3063 1290 3149 circumligabant.

196 3179 282 3260 Quae
305 3181 401 3245 fascia
425 3181 586 3259 κρνδέμνου
610 3181 698 3247 illius
723 3183 811 3248 affert
835 3187 1039 3262 memoriam,
1064 3185 1149 3270 quod
1171 3207 1190 3250 a
1212 3185 1292 3249 Leu-

194 3303 303 3368 cothea
334 3305 454 3388 aooepit
485 3303 634 3390 Ulysses‚
668 3303 725 3368 Od.
757 3329 781 3382 ε,
815 3305 1012 3384 333-462;
1046 3307 1085 3372 of.
1119 3307 1216 3373 sohol.
1250 3308 1290 3372 ed

195 3423 299 3509 Apoll.
324 3422 427 3487 Rhod.
451 3424 529 3509 Arg.
554 3423 579 3500 I,
607 3422 688 3490 917:
714 3425 766 3489 καὶ
791 3425 948 3491 Ὀδυσσέα
972 3428 1003 3492 δέ
1029 3436 1109 3508 Φασι
1134 3429 1293 3506 μεμυκμέ-

196 3568 242 3609 νον
272 3546 300 3608 ἒν
326 3545 509 3628 Σαμοθρᾴκῃ
535 3548 709 3626 χρήσασθαι
736 3547 888 3628 κρηδέμνῳ
911 3548 979 3612 cirri
1004 3553 1137 3622 ταινιοῖς.
1174 3550 1292 3616 Leuco-

231 3774 255 3834 1)
273 3771 327 3822 Non
344 3773 422 3837 Aegas
439 3773 465 3822 in
482 3773 584 3830 Arbeia,
604 3775 645 3823 sed
662 3775 688 3822 ir
704 3774 804 3824 Euboea
819 3792 844 3824 re
859 3792 916 3824 vera
931 3775 1052 3839 designari
1068 3776 1181 3842 opinatur
1194 3776 1293 3836 Marss,

197 3857 316 3921 Orpheus,
333 3872 356 3920 p.
375 3855 431 3914 101,
451 3855 507 3904 adn.
527 3856 592 3916 131).

230 3941 253 4001 2)
277 3939 310 3988 Et
327 3940 391 4003 apud
408 3939 469 3988 alios
487 3939 615 4002 scriptores
633 3939 662 3988 de
681 3940 806 3988 arboribus
823 3941 934 3990 herbisve
949 3942 1073 3991 celerrime
1088 3943 1292 3992 succrescentibus

197 4023 224 4070 fit
247 4021 349 4080 mortim
374 4022 404 4071 ef.
429 4022 500 4070 modo
525 4021 650 4070 Mamurra
669 4021 694 4070 in
711 4023 783 4070 Anal.
803 4023 864 4072 alex.
883 4025 913 4072 ad
930 4023 1011 4088 Euph.
1028 4025 1072 4086 frg.
1091 4023 1211 4075 CXXXII.
1238 4025 1293 4075 Non

197 4113 278 4154 tamen
301 4120 354 4152 eum
376 4105 477 4153 Bloohio
499 4104 557 4166 (Der
578 4103 640 4154 Xult
663 4104 712 4152 und
734 4104 772 4152 die
797 4105 927 4169 Mysterier
953 4122 998 4154 von
1024 4106 1127 4164 Eleusis,
1144 4122 1169 4170 p.
1187 4107 1227 4169 30)
1245 4108 1292 4157 huo

196 4189 284 4237 referre
301 4187 377 4236 ausim
397 4188 426 4236 τὸ
444 4185 513 4249 μέγα
530 4187 572 4235 καὶ
586 4186 730 4248 θαυμαστὸν
743 4187 785 4235 καῖ
798 4191 960 4238 τελειότατον
977 4189 1110 4238 ἐποπτικὸν
1125 4185 1177 4237 ἐκεῖ
1191 4189 1290 4250 μυστή-

199 4286 245 4330 ριον
262 4266 286 4318 ἐν
304 4271 392 4331 σιωπῇ,
410 4267 576 4330 τεθερισμένον
593 4268 704 4332 στάχυν,
722 4269 821 4335 Hippol.
839 4272 900 4320 ride.
919 4271 992 4321 Haer.
1011 4289 1033 4338 p.
1054 4273 1110 4332 162,
1125 4273 1239 4322 vertendo
1256 4290 1289 4324 so.

198 4348 373 4410 anteposuisse,
396 4367 444 4400 non
470 4359 497 4400 ut
521 4353 590 4412 solet,
616 4353 781 4411 „demessam”
804 4355 846 4402 sed
870 4355 918 4412 „ad
940 4355 1107 4404 maturitatem
1133 4356 1291 4420 perductam''

199 4433 262 4495 (eine
278 4433 328 4492 „im
344 4433 432 4482 stilles
449 4434 547 4498 gereiite
566 4435 679 4497 Aehre'').
