3354 5262
901 443 944 509 50

376 627 509 696 cohibes.
523 626 567 692 Te
586 628 693 712 superi
714 582 823 692 colunt
836 625 872 708 ¹),
892 628 1058 693 observant
1076 629 1179 706 inferi,
1200 625 1239 694 tu
1249 634 1335 694 rotas
1347 631 1467 710 orbem,

375 746 514 814 luminas
543 747 653 827 solem,
684 751 771 836 regis
801 749 969 828 mundum,
1001 749 1101 816 681688
1124 749 1301 816 Tartarum.
1327 750 1400 818 Tibi
1423 774 1470 818 re-

377 871 529 956 spondent
549 871 660 949 sidera,
685 870 818 936 redeunt
842 877 995 958 tempora,
1015 873 1310 958 gaudantnumina,
1324 877 1470 941 serviunt

377 993 542 1060 elementa.
574 992 642 1058 'Puo
673 999 755 1059 nutu
782 997 902 1079 spirant
925 994 1063 1072 flemina,
1087 999 1235 1061 nutriunt
1258 996 1376 1074 nubile,
1401 1018 1469 1083 ger-

377 1118 500 1182 minant
530 1118 661 1194 semina,
691 1122 835 1181 crescunt
865 1119 1021 1202 germina.
1052 1115 1155 1182 Tuam
1178 1120 1379 1184 maiestatem
1402 1143 1470 1206 per-

377 1237 563 1302 horrescunt
596 1258 671 1303 eves
704 1237 790 1302 coelo
820 1244 972 1316 meantes,
1008 1238 1091 1302 ferae
1125 1240 1288 1304 montibus
1318 1248 1467 1320 errantes,

378 1363 537 1444 serpentes
566 1358 630 1424 solo
660 1357 805 1437 18188188,
836 1359 947 1425 beluae
974 1366 1070 1446 ponto
1093 1367 1246 1426 88188188.
1271 1359 1317 1426 Α1
1341 1385 1400 1450 ego
1423 1385 1470 1429 re-

377 1482 512 1547 ferendis
534 1481 682 1547 laudibus
705 1484 770 1546 tuis
791 1481 883 1554 exilis
902 1483 1037 1578 ingenio·
1051 1487 1082 1547 81
1102 1483 1287 1548 adhibendis
1308 1484 1469 1550 sacrifieiis

377 1607 482 1669 tenuis
505 1607 712 1690 patrimonio:
737 1624 794 1668 neo
816 1603 899 1667 mihi
921 1606 1008 1668 vocis
1031 1605 1157 1669 ubertas
1180 1605 1220 1670 ed
1240 1605 1370 1670 dicenda
1389 1627 1469 1692 quae

377 1725 415 1790 de
442 1731 498 1790 tua
520 1727 684 1790 maiestate
708 1727 808 1790 888118
832 1723 946 1788 sufficit
969 1746 1026 1790 neo
1051 1728 1277 1810 (sufficerent)
1302 1749 1355 1793 ora
1379 1727 1469 1794 mille

377 1845 570 1932 linguaeque
598 1847 732 1912 totidem
763 1845 816 1911 vel
844 1845 993 1910 indefessi
1023 1852 1177 1913 sermonis
1208 1854 1332 1915 aeterna
1363 1853 1468 1915 series.

380 1967 466 2054 Ergo
502 1968 584 2054 quod
619 1968 722 2033 solum
756 1977 861 2054 potest
894 1971 1065 2057 religiosus
1099 1971 1229 2056 quidam
1264 1973 1318 2038 sad
1350 1994 1470 2059 pauper

380 2089 533 2173 alioquin,
569 2089 688 2155 efficere
719 2092 850 2157 curabo:
883 2091 1010 2158 diuinos
1040 2099 1112 2158 tuos
1144 2093 1256 2160 vultus
1287 2115 1469 2178 numenque

378 2211 616 2274 sanctissimum
637 2213 721 2276 intra
743 2215 879 2296 pectoris
902 2217 966 2278 mei
990 2220 1108 2280 secreta
1132 2215 1296 2280 conditum
1316 2221 1469 2302 perpetuo

380 2333 560 2399 custodiens
582 2334 818 2420 imaginabor.''

424 2455 474 2519 Ad
502 2457 604 2520 istum
633 2456 765 2520 modum
796 2457 960 2542 deprecato
983 2480 1109 2524 summo
1132 2462 1262 2524 numine
1287 2459 1469 2544 complexus

377 2575 533 2642 Mithram
557 2577 749 2644 sacerdotem
773 2583 804 2642 et
827 2599 936 2648 meum
958 2582 1024 2644 iam
1048 2586 1211 2664 parentem
1234 2581 1377 2667 colloque
1400 2585 1469 2646 eius

377 2696 490 2762 multis
524 2697 638 2764 osculis
671 2700 837 2766 inhaerens
872 2703 1000 2766 veniam
1033 2701 1243 2786 postulabam,
1281 2703 1364 2788 quod
1393 2724 1466 2768 eum

376 2819 531 2905 condigne
553 2823 651 2885 tantis
674 2821 831 2886 beneficiis
855 2825 1015 2889 munerari
1038 2827 1224 2910 nequirem'’
1240 2825 1276 2906 ²).

422 2940 595 3009 Credamus
618 2949 685 3008 tam
707 2944 929 3011 vehementem
953 2949 1052 3011 animi
1077 2957 1205 3013 motum
1223 2969 1285 3012 non
1302 2950 1364 3012 nisi
1383 2969 1469 3034 sym-

375 3063 523 3130 bolorum
558 3066 765 3150 quorundam,
800 3073 837 3131 ut
872 3066 980 3152 phalli,
1013 3071 1041 3132 81
1074 3068 1186 3154 818681,
1221 3069 1370 3155 81888618
1402 3090 1468 3134 8888

376 3183 572 3250 excitatum?
595 3185 905 3267 Vel-narrationibus
929 3192 1057 3252 tantum
1082 3161 1272 3273 quibusdani
1291 3191 1412 3254 8868818
1430 3189 1468 3254 de

378 3306 584 3392 Aegyptiacis
607 3306 667 3370 diis
690 3305 889 3393 deabusque?
913 3309 958 3372 Ut
980 3311 1118 3394 ingenue
1142 3310 1219 3394 quid
1241 3314 1377 3377 sentiam
1400 3332 1469 3397 pro·

377 3427 487 3504 feram,
513 3417 569 3492 vix
592 3449 627 3492 ac
649 3449 688 3492 ne
710 3431 766 3493 rix
789 3429 918 3513 quidem
942 3432 1061 3515 opinor.
1086 3431 1208 3496 Rursus
1231 3453 1317 3519 ergo,
1342 3435 1469 3519 quibus·

375 3571 451 3614 nam
474 3549 602 3614 tandem
633 3551 866 3635 operationibus
896 3550 1053 3636 Apuleius
1075 3555 1109 3616 in
1133 3559 1238 3620 tantae
1262 3556 1468 3620 beatitudinis

377 3677 498 3736 statum
534 3675 664 3736 evectus
699 3673 750 3748 sit,
785 3692 842 3756 pro
883 3672 969 3736 virili
1002 3679 1091 3758 parte
1123 3678 1302 3741 examinare
1334 3679 1470 3744 conabor

376 3799 470 3879 atque
495 3792 659 3858 delineare.

379 3947 548 3956 ———

412 4022 435 4084 1)
452 4021 489 4070 of.
508 4038 535 4070 ex
552 4021 611 4086 Pap.
635 4021 676 4070 Gr.
700 4021 764 4070 Mus.
786 4022 844 4070 ant.
864 4018 1018 4086 Pubjnugd.
1037 4023 1090 4072 But.
1109 4024 1146 4072 ed.
1162 4025 1278 4074 Ireemens
1294 4031 1352 4076 tom.
1370 4027 1390 4086 I,
1408 4027 1468 4092 Pap.

375 4103 407 4162 U,
430 4121 454 4170 p.
472 4105 521 4152 124
538 4104 584 4161 681,
602 4104 632 4151 28
651 4101 757 4163 11-19,
780 4104 822 4152 ubi
844 4105 1005 4169 Aegyptiacus
1029 4106 1127 4169 quidam
1150 4107 1208 4156 deus
1231 4108 1282 4158 Isin
1306 4111 1340 4159 sio
1361 4111 1469 4175 adloqui-

375 4192 429 4235 tur:
454 4183 524 4234 Ἐλθέ
547 4202 597 4246 μοι,
622 4183 671 4242 θέα,
694 4184 749 4233 θεῶν
773 4184 861 4247 κράτος
885 4185 983 4249 ἔχουσα
1005 4185 1135 4250 μέγιστον,
1157 4188 1199 4239 καὶ
1221 4195 1270 4240 rsa
1287 4189 1312 4242 ἐν
1330 4197 1365 4256 τῷ
1383 4195 1467 4256 κόσμῳ

376 4267 501 4332 ἄρχουσα,
517 4267 559 4316 καὶ
577 4266 694 4332 σώζουσα
715 4267 781 4326 θεοὺς
797 4267 902 4326 πάντας,
918 4268 978 4324 Ἴσι,

409 4352 433 4414 2)
451 4351 523 4416 Apul.
540 4350 601 4400 Met.
618 4350 661 4409 XI,
678 4351 754 4415 2488.
