3350 5264
893 463 956 530 102

378 644 563 730 quandoque
595 647 697 709 animi
727 649 829 709 status
861 643 955 730 paulo
986 646 1191 721 commotior,
1223 647 1258 709 in
1289 667 1385 731 quem
1416 649 1472 732 qui

377 766 616 845 adducerentur,
652 765 735 830 nihil
765 787 828 831 non
861 787 928 831 sese
959 763 1012 830 vel
1042 765 1202 851 adspicere
1234 766 1397 832 crederent
1420 767 1474 834 vel

378 887 495 963 audire,
519 889 665 951 inanium
688 907 797 951 rerum
822 907 857 952 ac
880 884 1055 951 solidarum
1079 885 1261 951 discrimine
1285 886 1420 952 sublato.

423 1007 521 1073 Vocat
553 1007 709 1073 Aristides
740 1007 762 1072 l.
787 1007 808 1072 l.
841 1027 902 1090 eos,
936 1010 991 1093 qui
1023 1007 1084 1072 diis
1111 1007 1307 1086 incubarent,
1332 1023 1474 1073 τετελεσ-

378 1128 496 1206 μένους,
529 1133 566 1192 ut
596 1127 696 1192 ferme
727 1128 967 1192 incubationem
991 1148 1065 1192 cum
1087 1130 1269 1193 initiatione
1292 1150 1474 1215 comparare

376 1248 504 1334 gaudet.
529 1247 576 1314 Of.
598 1227 684 1314 Orat.
705 1269 783 1314 secr.
796 1248 849 1326 IV,
862 1271 893 1334 p.
908 1248 973 1314 503
986 1270 1043 1334 sq,
1059 1251 1122 1327 ubi,
1138 1253 1308 1334 antequam
1321 1253 1472 1330 θειτέριτ-

376 1393 445 1441 τινι
470 1373 685 1455 expectaverit
708 1370 845 1449 ὀνείρους,
869 1369 983 1436 multis
1005 1371 1110 1436 modis
1130 1391 1163 1436 se
1183 1392 1250 1436 esse
1269 1372 1472 1457 purificatum

376 1497 491 1568 narrat,
524 1493 575 1556 καί
606 1499 702 1571 τριῶν,
728 1495 772 1557 sic
796 1495 882 1558 enim
905 1495 1021 1579 pergit,
1045 1492 1062 1566 ἢ
1087 1493 1241 1572 τεττθρων
1266 1495 1380 1574 ἡμερῶν
1403 1496 1470 1560 δια-

376 1613 544 1689 γενομένων
574 1613 837 1695 commonet
868 1615 906 1679 δι’
938 1615 1098 1694 ὀνείρατος,
1130 1612 1175 1680 θτι
1208 1614 1306 1695 τέρας
1337 1642 1371 1681 τε
1403 1617 1470 1700 ἔχει

376 1735 427 1798 καί
462 1735 624 1810 ἐπανήκειν
657 1735 725 1800 δέοι.
751 1733 783 1810 ἦν
807 1730 856 1801 οὖν
880 1738 913 1802 ιθ
936 1736 1024 1810 μθνιν
1048 1746 1161 1819 τελετῇ
1185 1761 1242 1802 τινι
1267 1737 1370 1816 εἰικίς,
1394 1737 1469 1805 οὕτω

375 1853 457 1919 θείων
480 1880 515 1919 τε
538 1855 590 1919 καί
617 1855 795 1936 παραδόξων
818 1859 876 1920 τῶν
901 1855 1051 1936 δρωμένων
1076 1855 1176 1936 θντων,
1201 1859 1288 1923 ἄλλα
1312 1860 1365 1924 καί
1390 1861 1472 1926 συνέ-

375 1975 472 2040 τιτσέ
503 2002 532 2041 τι
565 1977 744 2052 θαυμαστὸν
768 1979 885 2062 daseia,
912 1975 982 2055 θίμα
1005 1979 1061 2054 μέν
1084 1979 1147 2058 γὰρ
1170 1981 1372 2065 εὐθυμεῖσθαι,
1396 1983 1470 2062 χαί-

375 2123 444 2177 ρειν,
467 2099 497 2164 ἐν
523 2098 654 2170 εὐκθλσις
680 2096 757 2164 εἶναι
782 2099 834 2164 καί
860 2107 916 2172 τῆς
940 2106 1045 2180 ψυχῆς
1071 2101 1123 2164 καί
1147 2105 1200 2164 τοῦ
1224 2102 1376 2182 σώματος,
1397 2101 1469 2180 ἅμα

377 2219 404 2286 δ’
431 2215 488 2285 σίον
513 2223 656 2286 ιθιιιστεῑν
680 2221 708 2286 εί
730 2245 805 2286 τοτε
823 2221 946 2297 σαθτιρν
969 2221 1043 2286 ἰδεῖν
1066 2221 1188 2300 ἐξέσται
1212 2225 1265 2296 τὴν
1291 2225 1416 2308 ἡμέραν,
1441 2227 1471 2290 ἐν

379 2339 397 2424 θ
419 2367 464 2414 τις
489 2344 639 2422 ἐλεύθερον
664 2343 755 2408 αὑτὸν
779 2350 836 2408 τῶν
860 2342 1009 2408 τσσσθτων
1033 2343 1230 2422 τραγμθτων
1252 2343 1374 2423 θψεται,
1398 2347 1471 2424 τρίς

379 2464 410 2528 δέ
441 2463 492 2528 καί
518 2464 645 2529 δεδιέναι
669 2468 712 2540 μιί
737 2465 794 2530 τσθ
818 2489 848 2529 τι
872 2471 930 2529 τῶν
953 2464 1085 2529 είωθθτων
1109 2459 1192 2537 αὖθις
1218 2465 1345 2544 συμβὰν
1369 2469 1470 2545 λνμθ-

378 2609 465 2661 νιρται
500 2593 569 2656 ταῖς
603 2587 669 2666 περὶ
705 2587 763 2650 τῶν
798 2582 873 2651 θλων
908 2585 1025 2651 ἐκσίσι.
1063 2586 1150 2651 Haec
1185 2589 1213 2650 si
1243 2608 1305 2652 non
1336 2593 1472 2672 utroque

377 2707 457 2793 pede
490 2707 647 2772 claudicat
677 2709 886 2794 comparatio,
911 2713 943 2773 et
965 2714 1089 2794 mystas
1113 2707 1250 2774 eundem
1272 2711 1306 2773 in
1329 2710 1473 2788 modurn,

378 2851 414 2895 ac
447 2829 623 2894 Aristidem
652 2831 736 2894 inter
759 2851 848 2914 spem
874 2835 1062 2915 metumque
1086 2829 1256 2895 fluctuasse
1269 2829 1362 2910 1),‚et
1385 2853 1475 2917 quas·

377 2951 452 3015 dam
482 2955 567 3015 certe
598 2949 710 3016 teletas
733 2953 931 3015 somniorum
955 2950 1110 3016 divinitus
1132 2953 1353 3016 immissorum
1375 2959 1473 3019 rettu-

375 3071 450 3136 lisse
474 3073 623 3156 speciem,
648 3071 853 3136 statuendum
878 3076 933 3136 est.
966 3071 1084 3151 Quodsi
1107 3093 1261 3157 quasnam
1284 3077 1474 3158 spectaverit

376 3192 531 3258 Aristides
556 3191 668 3257 teletas
690 3213 853 3278 rogamus,
877 3215 941 3258 uon
965 3193 1130 3272 solemnia,
1149 3201 1186 3259 ut
1206 3218 1231 3261 e.
1244 3217 1277 3282 g.
1298 3195 1471 3273 Eleusinia,

377 3314 431 3379 sed
466 3335 566 3390 sacra,
603 3315 719 3399 quibus
753 3317 958 3380 initiarentur
992 3315 1130 3402 singuli,
1165 3322 1203 3382 ut
1237 3339 1263 3383 e.
1287 3340 1320 3404 g.
1356 3319 1472 3398 Isiaca,

377 3437 583 3520 spectavisse,
620 3456 669 3500 res
701 3438 771 3520 ipsa
801 3435 950 3502 declarat.
993 3436 1110 3502 Isiacae
1142 3444 1251 3504 autern
1282 3441 1473 3505 initiationis

377 3558 561 3621 meminisse
588 3556 773 3635 Aristidem,
803 3559 884 3622 hanc
908 3578 1034 3643 quoque
1056 3560 1095 3624 ob
1119 3580 1247 3625 causam
1270 3583 1345 3627 vero
1369 3565 1473 3647 proxi-

376 3698 469 3742 mum
491 3677 628 3758 videtur,
654 3677 738 3762 quod
762 3683 793 3742 et
814 3678 1087 3764 Aegyptiacorum
1107 3681 1240 3756 deorum,
1258 3682 1472 3748 sacerdotibus

352 3773 353 3777 ἐ
376 3799 577 3863 familiariter
595 3799 755 3877 utebatur,
778 3799 864 3864 Orat.
885 3821 961 3866 sacr.
982 3800 997 3866 I
1017 3823 1047 3887 p.
1069 3802 1135 3869 452
1155 3810 1186 3868 et
1199 3805 1472 3891 Aegyptiacorum

376 3921 549 3982 numinum
578 3918 682 3984 cultor
705 3927 773 3984 erat
796 3921 951 3986 assiduus.
984 3921 1112 3988 Scilicet
1136 3923 1201 3988 Isin
1223 3946 1258 3989 ac
1281 3925 1415 4012 Sarapin
1437 3927 1472 3989 in

376 4041 507 4103 somniis
532 4041 593 4105 sibi
618 4061 685 4106 sese
708 4041 859 4107 obtulisse
883 4042 1028 4120 affirmat,
1052 4043 1138 4108 Orat.
1162 4065 1238 4110 sacr.
1263 4044 1320 4124 ΙΙΙ,
1341 4069 1371 4132 p.
1393 4045 1470 4126 500,

378 4221 547 4234 nnn—nan·-

411 4341 435 4402 l)
452 4333 498 4390 Ὀθ.
523 4341 589 4390 Plut.
613 4342 649 4390 De
672 4343 720 4392 fac.
743 4341 768 4390 in
791 4343 842 4391 orb.
859 4342 910 4392 lun.
929 4343 975 4391 28:
994 4372 1024 4380 -
1043 4348 1133 4407 χαρᾶς,
1151 4346 1203 4394 σθαι
1220 4347 1246 4395 σί
1260 4345 1404 4408 τελσθμενσι
1422 4347 1471 4410 μθ-

377 4433 457 4472 λιστιι
474 4422 563 4486 θσρθβιρ
582 4423 625 4472 καί
644 4423 749 4482 πτοήσει
767 4423 966 4488 συγκεκραμένην
984 4427 1043 4487 μετ’
1061 4424 1162 4486 ἰλτίδσς
1179 4426 1262 4487 ἡδείας
1278 4427 1390 4493 ίχσνσιν,
