3354 5262
739 492 781 559 47

214 671 362 758 legimus.
394 672 580 758 Quicunque
607 673 665 738 1111
691 673 728 739 de
758 695 792 740 re
821 678 939 740 certius
969 676 1090 762 aliquid
1121 657 1330 762 cognoscere*

216 796 313 880 cupit,
334 796 362 858 11
392 794 482 859 adeat
512 815 624 859 moneo
654 794 763 860 Laiaei
792 817 871 882 opus
894 799 1018 882 saepius
1040 800 1105 862 iam
1129 797 1305 877 laudatum,

214 916 270 979 ubi
300 915 456 980 eiusmodi
486 915 608 1002 flagitia
634 937 652 980 a
674 915 765 982 cultu
787 916 886 982 Isiaco
909 917 1004 1004 longe
1027 919 1153 998 afuisse,
1178 923 1307 1008 egregie

215 1035 466 1102 demonstratum
489 1041 537 1102 est
564 1043 586 1117 ).

222 1145 225 1152 Δ
260 1154 411 1224 Ceterum
433 1157 631 1244 Hippolytus
654 1157 746 1222 Isidis
769 1179 856 1224 sacra
875 1161 1012 1224 strictim
1032 1165 1159 1224 tantum
1179 1162 1305 1246 attigit;

213 1301 276 1344 non
300 1281 429 1344 animis
447 1284 523 1356 erat,
541 1282 596 1364 qui
614 1301 663 1344 111
681 1283 834 1366 mysticas
852 1287 996 1346 accurate
1016 1279 1179 1365 explorare
1199 1280 1308 1345 diluci-

214 1400 315 1486 deque
338 1421 492 1486 exponere
513 1407 646 1466 ouraret.
678 1402 749 1468 Non
769 1404 875 1466 omnia
893 1400 1013 1467 scilicet
1031 1404 1066 1466 in
1084 1403 1248 1488 mysteriis
1268 1401 1308 1467 ad

213 1542 334 1587 sacram
352 1524 542 1607 pertinuisse
557 1521 709 1601 fabulam,
721 1522 775 1588 sed
788 1529 819 1588 et
831 1523 912 1588 alius
923 1526 1047 1610 generis
1059 1525 1263 1588 caerimonias
1273 1524 1308 1586 in

212 1646 252 1708 111
276 1646 446 1723 exstitisse,
470 1644 560 1709 docet
582 1645 811 1710 Plutareheum
834 1644 916 1710 illud
934 1648 969 1709 in
992 1645 1049 1710 lib.
1074 1644 1111 1710 de
1134 1644 1175 1709 Is.
1201 1649 1233 1709 et
1255 1643 1307 1708 Os.

214 1763 266 1842 27,
300 1768 332 1832 οὐ
362 1765 490 1855 περιεῖδε
514 1767 570 1852 (11.
589 1761 684 1846 Ἶσις)
707 1766 775 1838 σοὺς
801 1763 910 1838 ἀύλους
934 1767 984 1831 καὶ
1008 1765 1077 1840 σοὺς
1101 1767 1236 1844 ἀγῶνοις,
1260 1760 1308 1836 οὓς

214 1885 338 1964 ἀνέτλη,
360 1888 411 1952 καί
433 1887 557 1961 σλοίνας
577 1887 683 1966 αὐτῆς,
704 1887 756 1952 καὶ
778 1889 882 1952 πολλοὶ
902 1887 959 1965 μὲν
978 1885 1055 1966 ἔργα
1075 1887 1188 1968 σοφίας
1202 1887 1307 1952 πολλοὶ

214 2007 390 2088 δ’ἀνδοείας,
421 2009 594 2086 ἀμνηστίαν
628 2008 847 2088 ὑπολαβοῦσαν
879 2007 930 2072 καὶ
963 2009 1086 2087 σιωπήν,
1118 2009 1205 2073 ἀλλά
1237 2015 1308 2079 ταῖς

213 2128 405 2206 ἀνοωσάσοιος
441 2128 624 2207 ἀναμίξασα
659 2136 803 2200 τελεταῖς
838 2127 956 2200 εἰκόνας
992 2129 1043 2192 καὶ
1081 2130 1219 2202 ὑπονοίας
1254 2131 1306 2195 καὶ

212 2251 385 2327 μιμήματα
408 2255 466 2314 σῶν
489 2249 559 2314 τότε
582 2247 784 2328 παίημοίσων,
810 2249 972 2326 εὐσεβείας
997 2250 1071 2326 ὁμοῦ
1095 2251 1235 2330 δίδαγμα
1255 2251 1307 2315 καὶ

211 2370 401 2450 παραμύθιον
444 2369 567 2449 ἀνδοάσο
604 2371 654 2434 καὶ
689 2369 829 2449 νυνανξὶν
863 2370 920 2434 ὑπὸ
956 2376 1116 2450 συμφορῶν
1152 2372 1306 2452 ἐχομένοις

212 2491 317 2569 ὁμοίων
349 2491 546 2570 καθωσίωσεν,
577 2493 639 2556 1.1.
671 2513 734 2557 non
764 2494 925 2557 commisit
944 2496 999 2573 (sc.
1023 2491 1095 2573 Isis)
1117 2497 1155 2557 ut
1179 2491 1306 2559 silentio

210 2621 241 2678 et
271 2613 430 2680 oblivione
460 2618 679 2700 premerentur
710 2616 883 2678 certamina
913 2634 1146 2698 aerumnasque
1178 2635 1252 2680 suae
1275 2621 1308 2680 et

209 2755 337 2814 errores,
370 2737 486 2820 quibus
516 2735 619 2799 fuerat
648 2737 775 2812 iactata,
802 2755 903 2820 neque
926 2755 1017 2820 passa
1040 2741 1088 2800 est
1111 2743 1178 2800 tam
1201 2736 1307 2803 multa

209 2859 375 2940 sapienter,
406 2855 509 2921 multa
534 2856 657 2921 fortiter
679 2877 752 2920 ase
774 2860 866 2942 gesta
888 2855 1015 2921 silentio
1039 2857 1225 2936 oblitterari,
1250 2858 1304 2924 sed

209 2979 416 3042 sanctissimis
446 2977 552 3059 teletis
582 2977 758 3042 admiscens
788 2980 953 3063 imagines,
983 2977 1110 3056 indicia,
1142 2984 1173 3044 et
1199 2982 1304 3046 imita-

209 3105 317 3164 menta
339 3121 471 3164 suarum
493 3099 723 3177 calamitatum,
747 3099 845 3164 simul
868 3105 899 3164 et
917 3103 1046 3186 pietatis
1066 3100 1302 3178 documentum,

208 3227 240 3286 et
270 3221 420 3286 solatium
450 3223 528 3286 viris
559 3221 810 3304 mulieribusque
836 3221 967 3286 adversa
990 3223 1115 3286 fortuna
1139 3224 1303 3288 utentibus

209 3343 411 3408 consecravit.
441 3342 512 3408 Non
542 3341 694 3406 fabularis
726 3348 852 3406 tantum
883 3343 1032 3408 historiae
1064 3347 1098 3407 111
1122 3347 1303 3410 initiatione

209 3463 448 3550 qualiscumque
467 3463 600 3530 dabatur
618 3466 872 3550 repraesentatio,
893 3465 947 3528 sed
966 3468 1054 3530 varia
1066 3485 1152 3530 sacra
1163 3465 1302 3544 vinculo,

209 3592 248 3650 ut
270 3607 366 3671 supra
390 3589 420 3671 (q
433 3585 467 3664 8,
489 3606 520 3671 p.
541 3585 599 3667 25)
622 3585 772 3663 diximus,
796 3587 1035 3650 continebantur
1057 3587 1212 3672 mythico.

245 3801 268 3862 1)
290 3801 401 3860 Larem,
426 3800 490 3850 Hiet.
513 3801 537 3849 d.
561 3801 625 3849 culte
643 3800 685 3848 des
704 3799 753 3849 div.
770 3799 864 3849 d³Alex.
880 3816 904 3864 p.
923 3797 1027 3850 ee-tt.
1046 3798 1162 3850 01111.
1180 3796 1302 3857 Rdmnn,

208 3879 244 3932 Ire
260 3883 373 3948 Religion
390 3883 404 3932 d
423 3885 498 3933 Rome
516 3899 572 3932 sous
588 3883 624 3932 les
642 3881 749 3942 Severus,
766 3897 789 3946 p.
808 3883 848 3932 te.
