3350 5264
715 483 777 580 roa

199 689 255 734 nec
287 688 348 732 non
379 664 506 731 oracula
521 664 544 744 ¹)
576 666 637 731 sibi
666 665 809 744 edidisse,
844 665 930 732 Orat.
964 687 1041 731 sacr.
1073 664 1127 746 IV,
1157 687 1188 750 p.
1214 663 1288 730 530.

200 789 344 874 Sarapin,
377 789 433 872 qui
464 788 546 850 mari
577 805 610 851 se
633 789 787 872 eripuerit
808 787 982 872 procelloso
995 787 1032 868 ⁹),
1056 790 1192 853 summis
1215 785 1291 850 cele-

199 912 269 975 brat
300 908 461 983 laudibus,
495 905 580 972 Orat.
613 907 696 990 VIII,
728 911 823 994 impr.
857 931 887 995 p.
921 908 974 976 97.
1011 909 1094 990 Quin
1125 929 1228 974 sacros
1252 907 1289 971 de
1316 967 1319 974 .

199 1029 372 1107 miraculis,
398 1050 477 1115 quae
500 1028 634 1093 ediderit
656 1027 793 1114 Sarapis,
817 1051 892 1096 eum
910 1033 1085 1115 inspexisse
1107 1030 1206 1095 libros
1229 1051 1292 1094 non

199 1156 267 1218 sine
290 1171 384 1217 causa
407 1153 541 1216 coniecit
563 1150 705 1227 Lernan,
729 1150 816 1216 Hist.
841 1151 870 1215 d.
895 1151 972 1218 cult.
1002 1151 1061 1246 des,
1077 1151 1142 1217 div.
1167 1151 1290 1216 d'Alex.

198 1297 229 1360 p.
258 1271 311 1337 84.
349 1273 486 1337 Minime
516 1292 594 1357 orgo
625 1271 714 1336 abest
743 1274 897 1358 suspicio,
934 1275 1042 1337 virum
1075 1274 1291 1360 Aegyptiacae

199 1393 351 1480 religioni
375 1394 520 1459 deditum
543 1398 575 1458 et
598 1395 780 1459 secretiores
803 1396 871 1459 eius
893 1393 1056 1481 religionis
1084 1397 1291 1460 caerimoniae

201 1537 353 1602 quorsum
377 1515 552 1596 tenderent,
576 1535 639 1580 non
661 1517 833 1601 ignorasse.
870 1515 968 1593 Adde,
993 1516 1078 1600 quod
1101 1536 1205 1581 sacrae
1229 1536 1294 1580 ora

201 1639 303 1702 tiones
337 1633 587 1721 undecimusque
621 1635 922 1721 Metamorphoseon
957 1636 1039 1701 liber
1072 1636 1185 1701 multis
1215 1636 1294 1701 locis

201 1761 285 1822 inter
314 1779 347 1823 se
377 1756 499 1822 similes
530 1759 604 1820 sunt
633 1761 666 1821 et
695 1759 779 1822 inter
802 1779 836 1822 se
860 1761 989 1844 egregie
1012 1756 1175 1822 illustrant
1189 1754 1223 1838 3).
1249 1757 1293 1821 Ut

201 1879 366 1957 Aristides,
402 1881 446 1943 sic
481 1885 513 1944 et
546 1877 703 1965 Apuleius
736 1882 867 1945 somniis
901 1883 1021 1945 mirum
1051 1885 1209 1966 quantum
1240 1880 1294 1942 tri·

201 2005 282 2069 buit.
317 2003 486 2068 Asseverat
509 2000 741 2079 Madaurensis‚
766 2001 858 2067 deam
881 2001 999 2067 Isidem
1022 2005 1123 2068 noctis
1146 2003 1295 2068 obscurae

201 2147 263 2190 non
296 2124 437 2189 obscuris
471 2124 615 2207 imperiis
650 2144 727 2201 sese,
759 2129 797 2188 ut
827 2144 988 2190 sacrorum
1019 2127 1176 2214 particeps
1206 2123 1295 2188 fieret

200 2267 397 2322 arcanorum,
430 2247 601 2322 monuisse,
638 2244 694 2322 XI,
731 2244 775 2310 22
789 2251 832 2326 ⁴);
869 2267 949 2312 anno
980 2254 1052 2332 post
1082 2248 1294 2310 initiationem

201 2373 337 2454 peracto,
368 2370 530 2451 „quietem
552 2387 663 2431 rursus
685 2366 904 2452 interpellasse
927 2370 1068 2432 numinis
1091 2366 1222 2432 benefici
1245 2387 1297 2430 cu·

202 2511 272 2555 ram
302 2488 494 2576 pervigilem
524 2494 557 2554 ct
587 2509 697 2553 rursus
728 2488 844 2553 teletae
875 2489 1141 2566 commonuisse'’,
1173 2489 1215 2552 ib.
1240 2486 1294 2552 26.

203 2610 268 2676 Nec
298 2613 326 2675 is
355 2609 427 2674 finis
457 2614 519 2691 est,
552 2608 607 2674 sed
638 2613 710 2694 post
744 2609 840 2674 breve
876 2615 1003 2694 tempus
1039 2611 1231 2694 „inopinatis
1264 2613 1297 2672 et

203 2753 429 2820 usquequaque
462 2731 605 2796 mirificis
640 2731 735 2795 deum
763 2733 907 2815 imperiis
938 2751 1047 2795 rursus
1074 2729 1297 2815 interpellatur

205 2862 236 2922 et
267 2857 397 2920 tertiam
428 2874 551 2939 quoque
581 2851 713 2918 teletam
745 2857 923 2937 susceptare
952 2852 1110 2939 cogitur,’'
1134 2853 1178 2916 ib.
1203 2850 1295 2931 29⁵).

204 2977 349 3062 Denique
384 2981 456 3061 post
491 2977 620 3040 tertiam
656 2976 871 3040 initiationem
906 2974 1006 3039 Osiris
1041 2995 1124 3051 „non
1159 2972 1296 3038 alienam

206 3100 390 3184 quampiam
420 3117 589 3182 personam
611 3096 812 3173 reformatus,
837 3095 893 3160 sed
915 3115 1022 3160 coram
1046 3115 1104 3158 suo
1128 3092 1185 3158 illo
1208 3115 1298 3158 vene-

206 3220 302 3285 rando
338 3240 371 3284 se
401 3218 552 3305 dignatus
581 3217 772 3295 adfaminc’',
803 3237 861 3302 per
891 3219 1032 3302 quietem
1062 3218 1096 3279 in
1125 3214 1297 3302 collegium

207 3341 437 3428 pastophorum
467 3340 588 3428 adlegit
612 3339 750 3404 Lucium
772 3339 816 3404 ib.
841 3337 894 3403 30.
930 3337 1016 3418 Quae
1038 3337 1114 3402 licet
1137 3339 1170 3401 in
1193 3339 1298 3402 maius

207 3465 272 3528 sint
296 3469 455 3541 exornata,
480 3465 562 3527 sicut
585 3465 618 3526 in
642 3460 801 3527 eiusmodi
821 3461 915 3526 rebus
939 3459 975 3524 fit
999 3480 1082 3536 sane,
1107 3465 1298 3524 nontamen

207 3583 301 3672 plane
343 3585 476 3650 fortuita
515 3585 622 3662 fuisse,
664 3589 748 3649 recte
782 3603 857 3647 cum
893 3581 1126 3647 Burolrhardtio
1161 3585 1298 3657 statuas,

242 3799 266 3859 1)
283 3798 321 3847 cf.
338 3793 583 3854 Boreas-inorme,
600 3792 665 3842 Hiet.
682 3793 711 3841 de
729 3792 754 3841 la
772 3791 822 3840 div.
839 3796 899 3840 tom.
915 3789 962 3849 111,
980 3806 1004 3854 p.
1023 3789 1079 3840 383.

241 3884 266 3944 2)
292 3883 313 3930 A
338 3879 424 3942 Sarapi
449 3878 545 3942 saepius
570 3877 713 3940 navigantes
735 3875 855 3924 auxilium
878 3873 1001 3939 petivisse,
1024 3878 1128 3922 testatur
1151 3877 1175 3920 ct
1196 3871 1300 3936 epistole

207 3963 321 4030 Aegyptii
344 3962 469 4012 cniusdam
494 3959 558 4024 apud
580 3959 702 4007 Romanos
726 3957 847 4023 stipendia
869 3955 993 4015 merentis,
1015 3956 1046 4004 cf.
1069 3956 1098 4004 Δ,
1116 3954 1238 4010 llannrrrc,
1255 3953 1299 4004 Fr.

208 4049 301 4106 Keras,
318 4046 369 4094 Ans
387 4045 433 4092 don
450 4043 559 4107 Papyrus
576 4041 618 4092 dor
634 4041 696 4090 Kdn.
712 4040 777 4090 Mus.
795 4056 819 4104 p.
837 4040 894 4088 214.

243 4131 266 4192 8)
288 4127 361 4177 Iuvat
383 4125 468 4176 narsei
490 4125 554 4174 illud
577 4125 668 4183 afferre,
686 4123 752 4173 Hist.
770 4123 793 4172 d.
811 4123 870 4172 cult.
888 4121 929 4170 des
946 4119 996 4170 div.
1015 4118 1108 4169 d'Alex.
1126 4134 1149 4183 p.
1168 4118 1212 4167 88:
1230 4117 1299 4183 „Ily

208 4232 231 4274 a,
253 4213 313 4261 dans
336 4206 482 4272 l'antiquitd,
504 4206 560 4256 bien
583 4221 630 4271 peu
654 4206 684 4254 de
707 4205 757 4254 vies
776 4204 818 4269 qui
834 4203 944 4268 puisscnt
962 4200 1012 4250 ltro
1029 4201 1085 4266 plus
1100 4200 1233 4264 justrmsnt
1249 4216 1301 4265 rap-

208 4292 321 4362 procrees
337 4293 367 4342 de
383 4291 444 4340 cello
460 4287 578 4354 deputes
594 4305 640 4353 quc
657 4288 717 4338 collo
735 4287 846 4339 d'Aclins
862 4283 993 4333 Aristids”.

242 4381 267 4439 4)
284 4376 356 4425 Hunc
372 4375 454 4424 locum
471 4372 566 4436 plenius
584 4371 736 4420 exhibuimus
754 4374 766 4433 ς
783 4370 797 4418 9
815 4385 841 4433 p.
858 4368 889 4416 86
908 4382 943 4430 sq.

243 4463 267 4523 ὅ)
284 4460 321 4509 (ll.
338 4459 384 4508 hoc
402 4458 431 4506 de
447 4456 500 4505 loco
518 4458 529 4517 ς
546 4456 561 4504 9
577 4471 601 4519 p.
620 4455 651 4503 88
668 4471 703 4518 sq.
