3350 5264
701 1375 723 1459 ρ
742 1371 794 1438 io.

304 1553 381 1618 Per
412 1557 548 1619 omnia
578 1560 725 1620 vectus
757 1555 964 1622 elementa
994 1559 1188 1622 remeavi.

246 1735 344 1815 Haec,
368 1736 452 1822 quod
477 1739 586 1815 sciam,
611 1757 628 1802 e
651 1736 829 1824 philologis
850 1758 944 1802 nemo
967 1737 1022 1802 vel
1046 1737 1217 1822 explicavit
1240 1760 1297 1803 un-

201 1878 297 1943 quam
327 1857 381 1922 vel
411 1857 569 1943 explicare
601 1864 732 1923 conatus
764 1865 822 1923 est.
857 1858 932 1937 Neo,
965 1879 1044 1944 quae
1076 1859 1203 1924 dstote
1227 1859 1296 1924 loco

202 1982 410 2059 coniecerunt,
431 1980 483 2044 hio
503 1980 676 2065 quidquam
701 1980 836 2044 afferunt
856 1979 1076 2046 emolumenti.
1112 1980 1187 2046 Sive
1211 1983 1296 2046 enim

201 2103 298 2166 verba
328 2100 515 2188 Apuleiana·
535 2101 575 2166 ad
605 2103 759 2166 scenicam
792 2101 956 2186 quandum
987 2101 1104 2167 referas
1128 2105 1294 2180 actionem,

203 2225 272 2288 sive
295 2223 333 2287 ad
358 2223 411 2296 rio
437 2229 495 2299 τῶν
518 2221 682 2300 σνμβίιιων
707 2221 807 2300 δεῖξιν,
831 2227 915 2288 certe
938 2221 1065 2287 fatearis
1088 2244 1214 2288 necessa
1237 2229 1295 2302 est,

201 2365 264 2409 non
292 2345 370 2410 bene
394 2350 426 2409 te
448 2343 641 2430 intelligere,
667 2344 826 2430 quomodo
848 2345 996 2408 initiatus
1019 2365 1075 2429 per
1098 2347 1205 2409 omnia
1228 2364 1297 2410 veo·

203 2471 256 2530 tus
282 2469 325 2530 sit
347 2465 513 2532 elementa.
547 2465 659 2552 Itaque
682 2465 851 2552 legionarii
874 2487 949 2530 cum
972 2487 1034 2530 nen
1058 2464 1297 2543 debellaverint,

203 2587 378 2652 arcessendi
401 2593 476 2652 sunt
498 2586 677 2652 auxiliares.
701 2586 766 2652 Nee
789 2587 942 2652 detrectat
961 2586 1116 2651 militiam
1134 2604 1177 2650 nu
1197 2587 1296 2665 Pana,

204 2711 482 2794 quaestionemque
512 2707 603 2773 facile
635 2706 787 2793 explicari
810 2728 903 2793 posse
926 2707 1098 2774 contendit.
1133 2707 1256 2794 Nempe
1280 2729 1298 2773 a

203 2830 347 2894 sensibus
378 2829 532 2895 alienatos
562 2851 598 2895 eo
629 2817 830 2915 quandoque*
847 2850 913 2894 esse
943 2832 1082 2915 corporis
1113 2829 1235 2908 habitu,
1259 2834 1297 2894 ut

202 2952 278 3036 igne
308 2971 370 3016 non
401 2951 576 3031 laedantur,
601 2971 682 3036 aqua
705 2971 767 3016 non
790 2956 988 3038 mergantur,
1014 2953 1156 3036 quinimo
1179 2956 1216 3016 ut
1239 2971 1296 3036 per

203 3076 276 3136 abra
308 3072 466 3137 forantur:
501 3073 578 3138 haec
608 3078 640 3138 et
671 3071 807 3157 Apuleio
838 3092 925 3137 sacra
955 3074 990 3136 in
1020 3077 1111 3138 noete
1142 3073 1293 3138 evenisse.

204 3192 313 3278 Neque
344 3193 478 3258 dubium
509 3199 557 3260 est
579 3195 731 3279 profecto,
756 3196 842 3279 quin,
867 3199 904 3258 ut
926 3201 1034 3259 nostra
1057 3198 1170 3272 aetate,
1195 3196 1240 3258 sic
1264 3199 1296 3258 et

203 3316 344 3398 antiquis
366 3317 564 3400 temporibus
587 3315 685 3380 multi
707 3315 863 3380 eiusmodi
884 3315 1047 3381 miraculis
1066 3315 1162 3381 fidem
1181 3316 1297 3381 habue-

202 3437 277 3500 rint.
312 3435 382 3521 lpse
417 3455 460 3500 ou
490 3437 589 3514 Pauo,
620 3435 680 3500 Die
712 3434 840 3523 Mystik
873 3435 928 3501 der
957 3437 1043 3502 alten
1075 3435 1232 3504 Griechen
1263 3459 1294 3523 p.

204 3555 319 3636 1161).
350 3559 582 3623 Abammonem
611 3558 741 3622 adhibet
773 3563 899 3636 testem,
931 3559 988 3637 III,
1021 3559 1059 3623 4:
1092 3559 1198 3623 πολλοὶ
1232 3558 1294 3636 γὰρ

203 3683 258 3758 (sc.
289 3678 504 3757 ἐνθουσιῶντες)
536 3676 587 3741 καὶ
621 3679 709 3756 πυρὸς
742 3677 983 3758 προσφερομένου
1006 3679 1038 3741 οὗ
1063 3677 1211 3754 καίονται,
1235 3678 1295 3758 οὐχ

199 3798 377 3882 Ιιὶπτομένον
409 3804 462 3863 τοῦ
486 3799 576 3876 πνρίς
601 3797 700 3862 αὐτῶν
726 3797 776 3862 διὰ
800 3800 854 3872 τὴν
879 3799 960 3864 ίείαν
985 3798 1160 3862 ἐπίπνοιαν·
1186 3797 1294 3862 πολλοὶ

203 3920 234 3984 δὲ
257 3920 407 3997 ιιαιίμενοι
431 3921 483 3984 οὐκ
507 3917 806 3997 ἀντιλαμβάνονται,
830 3918 904 3983 astu
929 3922 961 3983 οὐ
980 3920 1034 3993 τίρν
1055 3924 1107 3984 τοῦ
1128 3917 1199 3998 ζώον
1219 3918 1296 4000 {aba

204 4043 290 4124 ζῶσιν
323 4047 504 4117 τηνικαῦτα.
536 4079 579 4090 -
611 4037 650 4105 ai
675 4064 710 4104 τε
742 4039 888 4119 ἐνέργειαι
920 4041 1019 4104 αὐτῶν
1050 4040 1188 4116 οὐδαμῶς
1220 4039 1296 4105 sicia

237 4270 261 4329 1)
283 4269 320 4319 Ol.
342 4277 367 4318 et
390 4269 497 4318 eiusdem
514 4265 638 4331 scriptoris
655 4263 772 4323 „Studien
789 4280 833 4312 ans
851 4264 906 4312 dem
923 4265 1023 4314 Gebiote
1041 4265 1084 4314 der
1100 4263 1297 4314 Gebeimuisssn-

203 4351 337 4410 schaften”,
359 4357 418 4400 tom.
441 4351 462 4407 I,
486 4365 510 4412 ρ.
534 4349 572 4406 le,
596 4347 636 4405 22,
660 4345 717 4394 los.
740 4345 866 4409 Quaedam
889 4362 918 4394 ex
941 4347 989 4396 hoc
1005 4347 1068 4396 libro
1085 4347 1110 4396 in
1128 4362 1208 4395 meum
1225 4361 1296 4394 nsum

206 4433 322 4482 converti.
