3350 5264
911 488 978 554 112

398 671 587 752 ἀνθρώπιναι,
619 668 659 733 τοί
693 692 727 732 τε
758 668 820 749 γὰρ
851 665 965 747 ἄβατοι
987 668 1078 746 βατοδ
1102 669 1220 746 γίνεται
1246 667 1488 750 θεοφορουμένοις

399 792 450 857 καί
481 793 524 862 είς
555 795 613 871 πῦρ
645 789 788 872 Φέρονται
820 790 872 855 καί
906 796 963 871 πῶρ
994 791 1220 870 διαπορεθονται
1253 792 1304 856 καὶ
1329 789 1489 868 ποταμοὺς

399 913 576 994 διαπερῶσιν
597 949 637 962 -
658 913 701 976 ib.
727 910 764 976 5:
789 912 841 977 καί
865 911 929 988 ἤτοι
953 914 987 977 τὸ
1012 918 1103 990 σῶμα
1127 911 1321 990 ἐπαιρόμενον
1344 912 1451 992 θρῶται
1473 910 1511 996 ἢΙ

398 1035 608 1114 διογκοθροενον
639 1033 655 1108 ἢ
688 1032 834 1112 μετέωρον
865 1035 895 1097 ἔν
925 1035 967 1114 τῷ
997 1034 1061 1114 οὶέρι
1092 1033 1257 1115 Φερθροενσν
1288 1033 1305 1108 ἢ
1338 1032 1492 1098 ταναντία

398 1157 510 1222 τούτων
542 1157 607 1234 περὶ
638 1155 714 1220 αὐτὸ
744 1157 890 1238 Φαίνεται
922 1155 1103 1234 γιγνθριενα.
1140 1155 1226 1235 Quae
1258 1157 1311 1221 hie
1343 1154 1433 1222 velut
1457 1157 1492 1219 in

396 1300 499 1344 unum
529 1275 660 1364 collegit
692 1276 881 1355 Abammon,
913 1276 998 1362 apud
1028 1277 1106 1342 alios
1137 1280 1321 1344 invenimus
1353 1275 1491 1364 singula.

397 1400 480 1465 Plin.
509 1399 595 1464 Hisi.
619 1403 684 1464 nat.
709 1398 776 1476 VII,
801 1399 832 1477 2,
858 1399 877 1464 9
901 1398 1103 1486 Phylarchus
1127 1401 1250 1480 (tradit)
1274 1405 1307 1465 ei
1329 1402 1362 1464 in
1386 1399 1489 1464 Ponto

398 1519 586 1587 Thibiorum
609 1541 720 1606 genus,
745 1518 929 1604 multosque
952 1520 1031 1585 alios
1050 1521 1193 1586 eiusdem
1212 1525 1344 1586 naturae
1365 1557 1407 1569 —
1428 1540 1491 1583 non

398 1663 488 1728 posse
507 1644 622 1728 mergi,
643 1664 681 1708 ne
701 1647 788 1707 veste
808 1641 937 1728 quidem
949 1643 1148 1728 degravatus.
1174 1640 1356 1730 Cyprianus
1370 1661 1486 1726 magus

396 1767 431 1828 in
463 1763 553 1831 Oonf.
588 1763 646 1828 12:
679 1763 854 1842 ιὶξιοθριενος
886 1764 1014 1839 ε’ποίνσα
1046 1766 1075 1829 έν
1107 1765 1170 1845 σὶέρι
1204 1764 1351 1830 πέτεσθαι
1381 1763 1434 1828 καὶ
1461 1763 1491 1826 ἕν

397 1887 540 1968 θαλοίσσρ
569 1883 713 1963 βαδίσαι,
744 1886 783 1950 ef.
816 1907 895 1971 quae
919 1886 957 1952 de
980 1886 1114 1966 παρέδρῳ
1138 1886 1239 1972 deque
1262 1885 1415 1970 Serapide
1437 1885 1493 1950 he·

397 2010 500 2073 mines
530 2029 586 2092 per
616 2012 696 2085 aera,
720 2028 909 2094 quoeunque
932 2007 1022 2085 velit,
1049 2009 1213 2086 evehente,
1238 2010 1383 2093 proxima
1406 2027 1494 2092 pare·

396 2130 518 2216 grapho
550 2128 800 2194 observavimus.
831 2127 943 2194 Simon
970 2128 1181 2194 Alexandriae
1205 2131 1367 2216 magicam
1391 2133 1494 2192 artem

399 2251 537 2332 edoctus,
570 2249 622 2314 Ps.
654 2247 757 2316 (ilem.
790 2249 886 2315 Hom.
918 2249 959 2333 ΙΙ,
992 2250 1046 2346 22,Ι
1080 2250 1129 2315 ἐπὶ
1162 2257 1222 2330 πῦρ
1253 2251 1426 2328 ιινλιθροενος
1461 2250 1494 2314 οὐ

399 2373 538 2436 ναίεται·
576 2371 667 2436 ε’νίοτε
700 2371 731 2436 δέ
762 2372 813 2450 ιιαί
838 2370 978 2450 πέτεται,
1002 2373 1045 2437 ib.
1071 2371 1125 2450 32,
1151 2371 1204 2437 34.
1239 2372 1452 2437 Brachmanae
1477 2371 1491 2436 ί

399 2493 430 2558 δέ
453 2517 493 2570 χε
519 2491 623 2567 Δοίμις
648 2491 725 2572 φησί
753 2529 793 2540 -
818 2498 1113 2573 μετεωροποροῶντας
1137 2494 1163 2558 δ’
1184 2493 1255 2558 ἰδεῖν
1275 2493 1337 2558 ἀπὸ
1358 2501 1411 2566 τῆς
1430 2499 1489 2569 γῆς

400 2615 442 2687 εἰς
475 2617 588 2697 πήχεις
621 2614 681 2694 δθο,
713 2618 745 2680 οὐ
778 2615 1011 2692 θαυματοποΐας
1044 2612 1131 2680 ἕνεκα
1162 2615 1209 2688 (τὸ
1242 2615 1304 2694 νίιρ
1327 2615 1492 2695 φιλθτιροσν

400 2741 489 2802 τοῦτο
513 2737 729 2817 παραιτεῖσθαι
752 2736 822 2808 τοὺς
846 2735 982 2818 ἄνδρας),
1007 2737 1082 2801 ἀλλ’
1105 2735 1204 2801 ὁπόσα
1225 2737 1267 2815 τῷ
1289 2736 1382 2816 Ἡλίιρ
1403 2758 1493 2799 σννοι-

400 2858 598 2937 ποβαίνοντες
624 2868 678 2934 τῆς
698 2867 757 2936 γῆς
779 2854 891 2938 δρῶσιν,
913 2861 951 2931 ῶς
972 2858 1129 2937 πρθσΦορα
1150 2857 1191 2938 τῷ
1214 2858 1267 2938 θεῷ
1287 2856 1491 2938 πράττοντας,

400 2981 533 3047 Philost.
560 2981 622 3046 Vit.
643 2979 749 3066 Apoll.
771 2980 827 3059 III,
850 2978 901 3046 15.
930 2980 1024 3064 Apud
1044 2980 1227 3067 Eunapium
1247 2983 1281 3045 in
1299 2983 1358 3047 vii.
1378 2978 1492 3044 Iambl.

401 3126 432 3188 p.
456 3102 522 3168 458
544 3103 603 3168 nd.
627 3102 744 3168 Boiss.²
769 3101 919 3188 discipuli
942 3105 987 3167 sie
1010 3102 1159 3168 adfaniur
1180 3102 1426 3188 philosophum:
1452 3103 1494 3167 Τί

401 3224 480 3299 δῆτα
499 3225 599 3302 ροθνος,
624 3221 644 3288 ὦ
670 3224 837 3290 διδάσκαλε
862 3224 1008 3307 θειότατε,
1032 3226 1100 3289 καθ’
1121 3224 1228 3290 ἑαντθν
1248 3249 1316 3290 τινα
1336 3225 1492 3303 προίττεις,

402 3348 434 3411 οὐ
464 3345 645 3422 μεταδιδοὺς
669 3355 723 3420 τῶς
748 3345 937 3426 τελειοτέρας
963 3345 1075 3426 σοφίαι
1100 3347 1191 3424 θμῒνς
1219 3345 1318 3411 καίτοι
1342 3371 1381 3424 γε
1405 3343 1494 3425 εἰιΦέ-

402 3490 487 3548 ρεται
511 3471 582 3547 πρθς
608 3469 691 3544 ἡμᾶς
716 3466 808 3544 λόγος
834 3467 891 3532 ὑπὸ
915 3474 971 3532 τῶν
995 3474 1052 3533 σῶν
1076 3467 1276 3547 οὶνδραπθδοιν,
1300 3469 1337 3540 ῶς
1362 3466 1493 3550 εὐχθριε·

402 3613 448 3660 νος
480 3597 543 3662 τοῖς
568 3590 643 3660 θεοῖς
667 3588 831 3670 μετεωρίζν
854 3589 911 3665 μὲν
934 3590 996 3654 aab
1020 3596 1075 3664 τῆς
1098 3597 1158 3666 γῆς
1182 3589 1275 3654 πλέον
1299 3588 1315 3663 ἢ
1339 3587 1414 3653 δέκα
1438 3586 1494 3661 πιί·

401 3734 471 3794 χεις
503 3709 693 3792 είιιοίζεσθαι·
725 3709 759 3774 τὸ
788 3717 878 3786 σῶςοα
903 3709 935 3775 δέ
959 3734 1003 3775 σοι
1028 3707 1080 3775 καί
1106 3713 1122 3786 ἡ
1146 3711 1231 3786 έσθίρς
1254 3711 1295 3782 εἰς
1322 3708 1492 3792 χρυσοειδές

403 3858 432 3898 τι
466 3833 582 3902 ιοοίλλοο
615 3831 786 3912 ιίριείβεται
802 3833 836 3914 ¹),
869 3830 1029 3913 παυομένῳ
1060 3831 1090 3898 δὲ
1121 3840 1175 3908 τῆς
1208 3833 1303 3914 εὐχῆς
1338 3830 1428 3909 σῶμα
1457 3855 1492 3896 τε

403 4019 572 4030 ἡ...-

437 4139 546 4201 1)Ιι1σιιι
563 4144 587 4187 et
604 4137 691 4188 Proelo
710 4137 816 4188 evenisse
833 4143 917 4188 namet
933 4137 1045 4186 Marinus
1062 4137 1088 4186 iu
1104 4136 1147 4186 vit.
1166 4136 1245 4186 Proel.
1263 4137 1308 4186 28:
1325 4138 1496 4199 Μαρμαρνγῆς

402 4219 452 4284 ’γάρ
467 4238 533 4278 τινος
548 4218 625 4268 ἐδόκει
640 4221 675 4268 τα
687 4219 796 4281 ’θμμαπα
810 4218 888 4269 αὐτοῦ
902 4218 1060 4282 πληροῦσθαι,
1074 4217 1117 4268 nai
1129 4219 1159 4268 τὸ
1175 4217 1240 4268 sano
1255 4221 1382 4281 πρόσωπον
1398 4216 1496 4281 ἐλλάμ-

403 4303 468 4365 ψεινς
483 4303 548 4360 θείας
563 4304 689 4365 μετεῖχεν.
705 4303 768 4352 ποτέ
783 4305 843 4366 ιρσθν
858 4320 897 4361 τις
912 4301 978 4367 αὐτῷ
994 4303 1189 4367 παραγενόμενος
1204 4299 1358 4368 ἔξηγονμένῳ
1374 4301 1432 4363 ἀνὴρ
1447 4308 1496 4352 τῶν

405 4389 527 4449 ἐπιφανῶν
545 4383 570 4434 ὲν
588 4389 619 4450 τῇ
639 4388 764 4453 πολιτείᾳ,
780 4385 890 4446 ἀψευδὴς
907 4385 949 4435 καί
965 4385 1050 4445 sirac
1067 4383 1159 4444 αἰδοῖος
1176 4386 1306 4450 (Ῥσνφῖνσς
1320 4384 1387 4449 αὐτῷ
1400 4384 1497 4449 θνομα),

404 4474 454 4532 φῶς
478 4464 527 4518 είδε
550 4466 656 4530 περιθέον
679 4467 724 4525 τῆν
747 4466 825 4518 αὑτοῦ
848 4467 967 4532 κεφαλήν,
991 4467 1023 4528 ῶς
1041 4466 1068 4518 δέ
1085 4466 1162 4530 πέρας
1179 4465 1280 4526 ἔπε’θνιιε
1296 4471 1328 4533 τῇ
1345 4467 1423 4518 αὑτοῦ
1442 4466 1496 4535 iza·
