3350 5264
719 477 761 544 95

199 637 296 724 dc'coa¹
320 663 361 724 dc
392 661 461 724 dieo
488 663 595 741 proed,
627 665 760 746 pouvait
789 661 888 728 livrer
917 664 936 728 a
965 665 1021 748 qui
1044 664 1106 729 bon
1130 663 1179 728 lui
1205 683 1283 729 sem-

194 781 283 859 blait,
313 781 423 848 l’aoees
453 782 491 848 ds
518 781 550 846 la
574 782 722 848 chambre
744 783 884 861 funebre,
909 804 956 848 011v
976 787 1235 850 treitercomme
1257 785 1283 850 il

196 901 399 980 l'sntandait,
433 902 479 968 les
522 906 630 968 tristes
669 909 768 969 restes
789 906 858 989 -qui
894 903 1012 969 etaient
1041 905 1155 972 condes
1185 907 1204 972 a
1236 927 1284 971 ses

195 1027 289 1090 soins.
324 1024 369 1090 Le
400 1027 559 1110 magician
589 1045 629 1089 en
655 1024 861 1090 s’aasimilant
883 1025 902 1090 a
924 1024 983 1103 lui,
1007 1027 1122 1092 entend
1144 1031 1286 1092 montrer-

196 1167 258 1211 aux
290 1145 386 1211 dieux
417 1145 497 1231 q'u'il
527 1167 567 1211 no
598 1145 656 1210 fait
679 1167 736 1232 pas
760 1147 798 1212 de
821 1149 931 1212 vaines
954 1167 1116 1215 monacos:
1141 1148 1192 1214 s'il
1214 1147 1286 1214 leur

196 1266 316 1332 declara
339 1266 420 1351 qu'il
444 1267 613 1332 descendra
636 1289 677 1333 au
697 1269 848 1334 tombeau
868 1267 1000 1333 d’Osiris
1020 1273 1051 1333 et
1069 1289 1107 1333 en
1126 1270 1287 1336 arrachera

195 1387 226 1453 la
254 1390 383 1465 momie,
416 1387 492 1453 o'est
516 1409 576 1473 qus
600 1409 634 1453 sa
651 1389 772 1475 charge
795 1389 833 1454 de
854 1392 955 1471 procot
975 1387 1067 1454 disco
1090 1391 1131 1454 do
1154 1391 1233 1467 dieu,
1258 1398 1287 1454 et

193 1511 236 1572 dc
267 1509 337 1573 dicu
365 1511 466 1590 proed
496 1509 545 1574 lui
578 1511 678 1576 donne
708 1509 830 1576 l'acces·
850 1510 931 1577 libre
952 1513 1067 1597 aupres
1090 1511 1134 1578 du
1157 1512 1231 1577 dieu
1255 1517 1287 1577 et

195 1636 268 1696 tout
297 1634 435 1717 pouvoir
462 1631 566 1718 d’agir
595 1653 718 1697 comme
749 1633 811 1698 bon
841 1631 889 1698 lui
917 1632 1057 1698 sembla”
1073 1630 1107 1714 ¹).
1142 1631 1285 1719 Denique

196 1774 307 1839 magos
342 1755 528 1838 semetipsos
564 1753 695 1830 deorum
729 1753 798 1820 loco
832 1754 980 1820 habuisse
1016 1760 1111 1839 atque
1144 1761 1182 1820 ut
1211 1755 1285 1820 daos

190 1875 400 1940 daemonibus
430 1877 646 1961 imperavisse,
679 1897 752 1941 cum
783 1875 881 1941 multi
912 1875 967 1941 alii
996 1879 1030 1940 in
1060 1879 1190 1964 papyris
1213 1876 1284 1956 loci,

196 2001 268 2060 tum
298 2003 330 2062 at
359 1995 440 2061 illud
469 1999 502 2061 in
533 2018 605 2083 pap.
637 1997 674 2064 V.
706 1996 764 2063 ool.
798 1996 833 2064 7a
856 1997 898 2063 23
930 2002 1075 2076 testatur,
1106 1999 1165 2076 aa
1191 1998 1285 2078 (soi

197 2118 345 2200 θεουργὸς)
375 2119 437 2196 εἰμι
455 2121 586 2198 Ὄσιρις,
607 2118 621 2182 ὃ
640 2118 826 2197 καλούμενος
848 2115 920 2198 ὕδωρ
933 2118 975 2200 2)·
1001 2119 1060 2195 ἐγώ
1085 2120 1147 2196 εἰμι
1166 2113 1243 2192 Ἶσις
1266 2120 1283 2194 ἡ
1309 2114 1312 2121 ’

196 2238 368 2317 καλουμένη
392 2238 503 2320 δρόσος,
526 2247 564 2306 ut
587 2241 686 2306 ferme
710 2239 844 2306 Osiridis
866 2244 962 2325 atque
985 2238 1079 2304 Is'idis
1098 2242 1133 2304 in
1155 2243 1285 2328 papyris

195 2364 330 2449 magicis
339 2360 364 2444 3)
380 2384 437 2428 neo
449 2385 510 2428 non
522 2369 555 2428 et
565 2366 598 2428 in
611 2362 735 2428 tabellis
747 2363 924 2427 devotionis
933 2363 959 2437 4)
971 2363 1096 2446 saepius
1107 2361 1144 2425 fit
1155 2365 1284 2428 mentio.

241 2485 285 2550 Ut
314 2486 421 2569 paucis
452 2506 520 2550 rem
544 2484 810 2570 complectamur:
835 2486 950 2562 omnia,
975 2504 1054 2569 quae
1079 2485 1146 2549 sive
1170 2484 1208 2549 de
1233 2506 1285 2550 ve-

195 2609 383 2683 tustissima,
416 2609 482 2672 siva
514 2608 551 2672 de
582 2611 753 2674 recentiore
776 2609 1001 2694 Aegyptorum
1025 2606 1191 2693 religione,
1215 2610 1283 2674 sive

197 2748 235 2792 ax
264 2727 354 2793 libris
385 2731 452 2793 sive
483 2749 520 2792 ex
543 2731 671 2814 papyris
695 2732 830 2812 magicis
853 2732 888 2793 in
910 2729 1053 2795 medium
1075 2729 1279 2814 protulimus,

193 2848 373 2914 luculenter
395 2870 453 2915 nos
476 2849 597 2928 docent,
622 2852 781 2936 magicam
805 2857 906 2915 artem
930 2872 1005 2916 cum
1027 2854 1165 2937 mystico
1188 2849 1283 2917 Osiri-

195 2971 242 3036 dis
263 2977 357 3057 atque
376 2971 468 3036 Isidis
488 2971 577 3036 cultu
595 2974 642 3036 ita
660 2971 758 3037 fuisse
777 2975 911 3058 aprima
931 2974 1054 3059 origine
1070 2975 1280 3051 coniunctam,

194 3097 232 3158 ut
254 3092 342 3158 nullo
365 3093 459 3158 modo
482 3093 555 3158 inda
586 3091 698 3160 divelli
729 3099 832 3178 queat.
863 3093 959 3159 Reate
989 3094 1092 3179 igitur
1122 3092 1158 3168 P,
1190 3093 1282 3160 Mors·

226 3389 251 3448 1)
268 3386 304 3434 De
321 3386 465 3434 decanorum
482 3387 602 3448 potestate
616 3381 687 3446 plura
704 3380 839 3429 invenimus
857 3381 920 3445 apud
935 3382 1001 3431 Stob.
1017 3381 1070 3430 sel.
1085 3381 1156 3445 phys.
1169 3380 1206 3429 ed.
1222 3378 1283 3428 Hee-

192 3484 242 3528 ren,
263 3475 321 3519 tom.
345 3467 367 3528 1,
388 3484 413 3532 p.
430 3467 560 3515 468-481
579 3465 604 3513 in
621 3465 756 3528 fragmento
772 3465 876 3528 quodam
894 3481 922 3514 ax
939 3465 1009 3516 libris
1026 3463 1180 3513 Hermetiois.
1205 3462 1283 3510 Erant

191 3557 273 3600 autem
290 3547 384 3598 δέκανοι
401 3547 530 3612 superioris
549 3545 639 3595 ordinis
657 3547 792 3603 daemonas,
809 3545 910 3611 triginta
927 3563 967 3595 aer
986 3561 1094 3603 numero,
1112 3545 1154 3609 qni
1174 3543 1283 3593 decurias

191 3634 318 3683 stellarum
340 3632 366 3680 in
388 3631 490 3679 Zodiaoo
513 3629 687 3693 gubernabant.
713 3627 763 3676 Nec
787 3644 836 3677 non
854 3634 878 3677 ot
895 3645 997 3692 magnae
1014 3644 1097 3678 eornm
1115 3632 1185 3676 arant
1202 3631 1282 3690 partes

192 3717 217 3766 in
240 3717 311 3766 rebus
334 3713 453 3772 humanis,
471 3713 503 3762 ib.
520 3728 544 3776 p.
563 3711 624 3764 474:
643 3713 776 3772 βασιλειῶν
793 3711 960 3772 maroccanos,
977 3712 1071 3759 πόλεων
1089 3705 1281 3765 ἐπαναστάσεις,

193 3798 282 3858 nospes,
306 3796 382 3857 Λιμοί,
406 3795 521 3857 ἄμπωτις
544 3791 679 3850 θαλάσσης,
697 3794 744 3854 γῆς
762 3792 873 3853 caccavi·
892 3789 959 3841 οὐδὲν
978 3790 1073 3841 τούτων
1092 3821 1120 3830 --
1140 3788 1217 3853 χωρὶς
1235 3789 1282 3846 τῆς

191 3879 286 3929 τούτων
308 3876 428 3941 ἔνεργείας
451 3875 575 3940 γίγνεται.
600 3875 636 3924 llx
660 3874 725 3923 Libr.
743 3890 824 3938 apocr.
842 3874 923 3934 Mois„
941 3891 965 3939 p.
984 3875 1041 3935 122,
1057 3874 1102 3924 2οι
1120 3871 1281 3934 ἅρχάγγελοι

191 3961 301 4019 denisce,
331 3962 418 4011 efficias
447 3977 486 4009 eos
515 3957 664 4020 archangelis
687 3955 828 4006 obedivisse.
854 3956 891 4006 01.
917 3957 1020 4021 deniqne
1043 3955 1162 4020 egregiam
1187 3951 1283 4002 Parthii

190 4044 371 4093 adnotationem
389 4043 420 4092 ad
437 4042 496 4106 Pap.
514 4039 597 4088 Parth.
614 4038 635 4096 Ι,
653 4037 709 4090 207.

224 4128 248 4188 2)
266 4126 303 4176 cf.
320 4125 385 4175 Plnt.
402 4125 438 4174 De
455 4124 488 4173 Is.
506 4131 530 4172 et
547 4123 596 4180 0s.,
614 4121 654 4181 86,
671 4119 772 4185 Hippol.
789 4122 851 4170 Λᾶν.
869 4119 951 4182 Haec„
968 4137 991 4185 p.
1010 4120 1067 4180 142,
1084 4118 1151 4182 Orig.
1168 4117 1195 4166 G.
1210 4116 1282 4176 Cela,

191 4209 220 4269 V,
239 4210 278 4267 38,
295 4208 392 4258 Heliod.
409 4205 549 4267 seth.‚1x‚
568 4206 590 4254 9.

225 4293 249 4353 8)
272 4291 309 4340 cf.
332 4291 392 4356 Pap.
414 4288 443 4349 V,
466 4289 512 4338 col.
536 4290 565 4336 ta
588 4288 610 4345 9,
629 4286 679 4334 lla
695 4284 726 4332 28
746 4300 780 4349 sq.
800 4285 840 4334 Gr.
858 4283 935 4350 Egyp.
953 4285 1007 4349 rig.
1024 4300 1046 4334 o.
1062 4283 1128 4347 Mag.
1144 4282 1183 4332 ed.
1199 4281 1276 4331 Good·

190 4374 245 4431 win,
264 4390 287 4438 p.
306 4372 344 4424 10.
362 4373 398 4425 cf.
418 4379 442 4421 et
459 4371 559 4421 huiusce
577 4366 753 4417 dissertationis
772 4370 784 4430 ς
802 4368 833 4416 14
851 4383 875 4431 p.
894 4368 934 4416 60.

224 4455 304 4517 4)(11.
325 4455 441 4513 Wiirescn,
460 4452 626 4502 Sathianisahe
644 4448 895 4515 Verflachnngstaieln
913 4463 956 4499 aus
972 4449 1042 4510 Rom,
1058 4465 1082 4515 p.
1101 4447 1207 4498 83—86.
