3354 5262
558 2099 912 2190 rerumne.
991 2039 1015 2046 ff

254 2578 301 2644 De
330 2578 440 2644 Isiacis
469 2579 631 2664 disputare
657 2584 822 2667 mysteriis
843 2604 920 2656 eum
944 2585 1090 2656 animum
1111 2583 1304 2662 induxerim,

209 2703 319 2784 paucis
350 2705 433 2764 certe
462 2702 602 2766 indicare
628 2723 753 2768 necesse
776 2709 836 2786 est,
859 2725 955 2788 quam
980 2707 1067 2770 viam
1090 2726 1126 2768 ac
1149 2708 1311 2783 rationem

209 2825 377 2886 secuturus
400 2823 462 2884 sim
485 2823 519 2886 in
542 2823 635 2900 rebus
654 2823 740 2898 hisce
760 2823 855 2908 paulo
876 2824 1111 2894 obscurioribus
1132 2831 1163 2904 et
1180 2827 1310 2903 investi-

208 2943 321 3030 gandis
345 2946 378 3007 et
401 2943 607 3028 exponendis.
1031 3021 1033 3024 ¹
1239 3017 1268 3042 -.=
1308 3016 1312 3023 ,

194 3089 214 3118 ·.
254 3066 402 3150 Primum
424 3065 483 3128 hoo
506 3066 667 3142 monitum
690 3063 791 3130 velim
814 3065 1310 3144 candidum‘lectoremsnon'de

208 3187 427 3251 vetustissima
461 3185 698 3271 Aegyptiorum
730 3187 783 3250 hio
814 3189 867 3272 agi
898 3186 1063 3273 religione,
1097 3188 1151 3256 sed
1182 3187 1219 3252 de
1241 3187 1309 3267 illo

209 3306 299 3388 cultu
334 3328 373 3371 ex
409 3283 616 3392 Aegyptiacis
651 3304 914 3398 Graecanicisque
957 3311 1156 3376 caerimoniis
1195 3311 1309 3385 mixto,

210 3429 276 3511 qui,
291 3405 292 3410 ἵ
307 3425 511 3492 volventibus
543 3429 643 3504 annis,
675 3427 813 3492 Romani
835 3430 965 3513 imperii
986 3431 1129 3514 pervasit
1151 3433 1307 3516 regiones.

210 3546 322 3632 Itaque
343 3568 414 3630 »non
444 3553 512 3612 tam
544 3547 855 3635 Aegyptologorum,
888 3555 924 3614 nt
954 3551 1052 3614 uerbo
1080 3553 1203 3619 novitio
1227 3556 1309 3628 utar,

211 3669 249 3733 de
281 3667 341 3731 diis
376 3667 533 3733 deabusve
562 3667 847 3747 lucubrationibus,
881 3707 923 3718 -
953 3691 1148 3754 quamquam
1164 3675 1211 3734 et
1237 3671 1313 3735 inde

212 3787 316 3853 multa
335 3811 388 3854 me
412 3789 559 3854 didicisse
578 3792 712 3854 minime
732 3789 850 3854 infitias
870 3791 923 3854 ibo
945 3827 1002 3868 —,
1026 3791 1080 3854 sed
1099 3790 1208 3856 Lafaei
1222 3777 1314 3876 ‘prae-

213 3913 325 3995 sertim
344 3910 426 3975 libro
447 3911 506 3988 „de
526 3912 660 3988 deorum
680 3898 969 3976 Alerandrinorum
988 3910 1078 3976 cultu
1096 3933 1113 3976 a
1129 3911 1314 3978 Ptolemaeo

213 4052 289 4116 rege
309 4031 349 4096 ad
371 4033 547 4098 Antoninos
566 4033 794 4117 imperatores''
808 4031 831 4110 ¹)
852 4039 947 4117 atque
968 4033 1127 4098 Drexlerii
1145 4035 1204 4110 „de
1221 4033 1314 4098 Isidis

212 4152 298 4242 apud
314 4149 450 4218 Graecos
468 4153 690 4238 Romanosque
707 4153 819 4218 cultu'·'
837 4155 1096 4240 monographiae,
1109 4175 1189 4238 quae
1200 4137 1316 4219 Irexico

248 4365 272 4425 1)
290 4363 318 4412 G.
337 4361 571 4418 Larasa-Histoire
585 4361 624 4409 du
640 4361 705 4410 culte
719 4361 760 4410 des
775 4359 889 4413 divinitas
903 4361 1074 4412 d’dloxandrie
1089 4363 1145 4436 hors
1161 4362 1190 4410 do
1205 4342 1318 4428 l’dgypto

214 4445 306 4506 (1681).
376 4442 385 4487 .’
1157 4473 1180 4558 1*
1208 4473 1210 4478 -
