<?xml version="1.0" encoding="UTF-8"?>
<!DOCTYPE html PUBLIC "-//W3C//DTD XHTML 1.0 Transitional//EN"
    "http://www.w3.org/TR/xhtml1/DTD/xhtml1-transitional.dtd">
<html xmlns="http://www.w3.org/1999/xhtml" xml:lang="en" lang="en">
 <head>
  <title>
</title>
<meta http-equiv="Content-Type" content="text/html;charset=utf-8" />
  <meta name='ocr-system' content='tesseract 3.04.00' />
  <meta name='ocr-capabilities' content='ocr_page ocr_carea ocr_par ocr_line ocrx_word'/>
</head>
<body>
  <div class='ocr_page' id='page_1' title='image "./deapuleioisiaco00jonggoog_0052.png"; bbox 0 0 3354 5262; ppageno 0'>
   <div class='ocr_carea' id='block_1_1' title="bbox 755 488 797 558">
    <p class='ocr_par' dir='ltr' id='par_1_1' title="bbox 755 488 797 558">
     <span class='ocr_line' id='line_1_1' title="bbox 755 488 797 558; baseline 0.071 -3"><span class='ocrx_word' id='word_1_1' title='bbox 755 488 797 558; x_wconf 82' lang='lat'>37</span> 
     </span>
    </p>
   </div>
   <div class='ocr_carea' id='block_1_2' title="bbox 228 670 1325 1734">
    <p class='ocr_par' dir='ltr' id='par_1_2' title="bbox 228 670 1325 1482">
     <span class='ocr_line' id='line_1_2' title="bbox 233 670 1325 759; baseline 0.004 -21"><span class='ocrx_word' id='word_1_2' title='bbox 233 673 308 738; x_wconf 86' lang='lat' dir='ltr'>deae</span> <span class='ocrx_word' id='word_1_3' title='bbox 334 673 473 759; x_wconf 84' lang='lat' dir='ltr'>potentis</span> <span class='ocrx_word' id='word_1_4' title='bbox 500 671 682 758; x_wconf 77' lang='lat' dir='ltr'><strong>benignitas</strong></span> <span class='ocrx_word' id='word_1_5' title='bbox 705 670 864 751; x_wconf 89' lang='lat' dir='ltr'>salutaris,</span> <span class='ocrx_word' id='word_1_6' title='bbox 887 673 942 738; x_wconf 88' lang='lat' dir='ltr'>sed</span> <span class='ocrx_word' id='word_1_7' title='bbox 965 676 1067 739; x_wconf 88' lang='lat' dir='ltr'>noctis</span> <span class='ocrx_word' id='word_1_8' title='bbox 1091 675 1240 741; x_wconf 89' lang='lat' dir='ltr'>obscurae</span> <span class='ocrx_word' id='word_1_9' title='bbox 1263 699 1325 742; x_wconf 91' lang='lat' dir='ltr'>non</span> 
     </span>
     <span class='ocr_line' id='line_1_3' title="bbox 232 792 1325 880; baseline 0.002 -19"><span class='ocrx_word' id='word_1_10' title='bbox 232 796 370 861; x_wconf 79' lang='lat' dir='ltr'>obscuris</span> <span class='ocrx_word' id='word_1_11' title='bbox 399 795 544 880; x_wconf 90' lang='lat' dir='ltr'>imperiis</span> <span class='ocrx_word' id='word_1_12' title='bbox 573 792 736 858; x_wconf 86' lang='lat' dir='ltr'>evidenter</span> <span class='ocrx_word' id='word_1_13' title='bbox 768 797 905 872; x_wconf 91' lang='lat' dir='ltr'>monuit,</span> <span class='ocrx_word' id='word_1_14' title='bbox 936 793 1101 862; x_wconf 87' lang='lat' dir='ltr'>advenisse</span> <span class='ocrx_word' id='word_1_15' title='bbox 1133 795 1217 862; x_wconf 91' lang='lat' dir='ltr'>diem</span> <span class='ocrx_word' id='word_1_16' title='bbox 1244 799 1325 863; x_wconf 91' lang='lat' dir='ltr'>mihi</span> 
     </span>
     <span class='ocr_line' id='line_1_4' title="bbox 232 914 1325 1006; baseline 0.002 -23"><span class='ocrx_word' id='word_1_17' title='bbox 232 938 356 1004; x_wconf 91' lang='lat' dir='ltr'>semper</span> <span class='ocrx_word' id='word_1_18' title='bbox 378 914 561 1002; x_wconf 89' lang='lat' dir='ltr'>optabilem,</span> <span class='ocrx_word' id='word_1_19' title='bbox 586 935 648 999; x_wconf 92' lang='lat' dir='ltr'>quo</span> <span class='ocrx_word' id='word_1_20' title='bbox 670 921 730 980; x_wconf 85' lang='lat' dir='ltr'>me&#39;</span> <span class='ocrx_word' id='word_1_21' title='bbox 744 919 890 981; x_wconf 80' lang='lat' dir='ltr'><strong>maxumi</strong></span> <span class='ocrx_word' id='word_1_22' title='bbox 913 919 982 982; x_wconf 86' lang='lat' dir='ltr'>voti</span> <span class='ocrx_word' id='word_1_23' title='bbox 1005 920 1204 1006; x_wconf 89' lang='lat' dir='ltr'>compotiret,</span> <span class='ocrx_word' id='word_1_24' title='bbox 1229 941 1325 1006; x_wconf 86' lang='lat' dir='ltr'>quan-</span> 
     </span>
     <span class='ocr_line' id='line_1_5' title="bbox 230 1035 1325 1127; baseline 0.005 -25"><span class='ocrx_word' id='word_1_25' title='bbox 230 1043 325 1123; x_wconf 89' lang='lat' dir='ltr'>toque</span> <span class='ocrx_word' id='word_1_26' title='bbox 348 1041 480 1122; x_wconf 90' lang='lat' dir='ltr'>sumptu</span> <span class='ocrx_word' id='word_1_27' title='bbox 504 1035 650 1102; x_wconf 83' lang='lat' dir='ltr'>deberem</span> <span class='ocrx_word' id='word_1_28' title='bbox 673 1057 841 1122; x_wconf 87' lang='lat' dir='ltr'>procurare</span> <span class='ocrx_word' id='word_1_29' title='bbox 863 1036 1135 1124; x_wconf 86' lang='lat' dir='ltr'>supplicamentis,</span> <span class='ocrx_word' id='word_1_30' title='bbox 1154 1041 1325 1127; x_wconf 88' lang='lat' dir='ltr'>ipsumque</span> 
     </span>
     <span class='ocr_line' id='line_1_6' title="bbox 230 1155 1324 1244; baseline 0.004 -20"><span class='ocrx_word' id='word_1_31' title='bbox 230 1157 388 1224; x_wconf 89' lang='lat' dir='ltr'>Mithram</span> <span class='ocrx_word' id='word_1_32' title='bbox 420 1155 517 1223; x_wconf 91' lang='lat' dir='ltr'>illum</span> <span class='ocrx_word' id='word_1_33' title='bbox 551 1177 647 1222; x_wconf 90' lang='lat' dir='ltr'>suum</span> <span class='ocrx_word' id='word_1_34' title='bbox 678 1157 871 1224; x_wconf 78' lang='lat' dir='ltr'>sacerdotem</span> <span class='ocrx_word' id='word_1_35' title='bbox 905 1161 1123 1244; x_wconf 88' lang='lat' dir='ltr'>praecipuum,</span> <span class='ocrx_word' id='word_1_36' title='bbox 1160 1160 1324 1238; x_wconf 85' lang='lat' dir='ltr'>„divino</span> 
     </span>
     <span class='ocr_line' id='line_1_7' title="bbox 230 1277 1323 1367; baseline 0.004 -21"><span class='ocrx_word' id='word_1_37' title='bbox 230 1280 402 1367; x_wconf 87' lang='lat' dir='ltr'>quodem</span> <span class='ocrx_word' id='word_1_38' title='bbox 437 1277 661 1345; x_wconf 88' lang='lat' dir='ltr'>stellarum</span> <span class='ocrx_word' id='word_1_39' title='bbox 692 1279 939 1359; x_wconf 86' lang='lat' dir='ltr'>consortio”‚</span> <span class='ocrx_word' id='word_1_40' title='bbox 971 1285 1008 1345; x_wconf 92' lang='lat' dir='ltr'>ut</span> <span class='ocrx_word' id='word_1_41' title='bbox 1033 1282 1145 1367; x_wconf 85' lang='lat' dir='ltr'>aiebat,</span> <span class='ocrx_word' id='word_1_42' title='bbox 1170 1284 1251 1348; x_wconf 90' lang='lat' dir='ltr'>mihi</span> <span class='ocrx_word' id='word_1_43' title='bbox 1274 1306 1323 1350; x_wconf 79' lang='lat' dir='ltr'>co</span> 
     </span>
     <span class='ocr_line' id='line_1_8' title="bbox 228 1399 1017 1482; baseline -0.004 -13"><span class='ocrx_word' id='word_1_44' title='bbox 228 1405 409 1480; x_wconf 87' lang='lat' dir='ltr'>niunctum,</span> <span class='ocrx_word' id='word_1_45' title='bbox 433 1422 595 1468; x_wconf 87' lang='lat' dir='ltr'>sacrorum</span> <span class='ocrx_word' id='word_1_46' title='bbox 619 1401 806 1466; x_wconf 86' lang='lat' dir='ltr'>ministrum</span> <span class='ocrx_word' id='word_1_47' title='bbox 824 1399 968 1466; x_wconf 90' lang='lat' dir='ltr'>decernit</span> <span class='ocrx_word' id='word_1_48' title='bbox 980 1399 1017 1482; x_wconf 88' lang='grc'>1).</span> 
     </span>
    </p>

    <p class='ocr_par' dir='ltr' id='par_1_3' title="bbox 229 1515 1321 1734">
     <span class='ocr_line' id='line_1_9' title="bbox 272 1515 1321 1610; baseline 0 -20"><span class='ocrx_word' id='word_1_49' title='bbox 272 1515 383 1610; x_wconf 79' lang='lat' dir='ltr'>Neque</span> <span class='ocrx_word' id='word_1_50' title='bbox 413 1523 472 1590; x_wconf 90' lang='lat' dir='ltr'>hoc</span> <span class='ocrx_word' id='word_1_51' title='bbox 501 1521 603 1588; x_wconf 89' lang='lat' dir='ltr'>ullam</span> <span class='ocrx_word' id='word_1_52' title='bbox 633 1519 871 1587; x_wconf 76' lang='lat' dir='ltr'>Eleusiniorum</span> <span class='ocrx_word' id='word_1_53' title='bbox 891 1523 1129 1608; x_wconf 81' lang='lat' dir='ltr'><strong>mysteriorum,</strong></span> <span class='ocrx_word' id='word_1_54' title='bbox 1153 1528 1264 1610; x_wconf 91' lang='lat' dir='ltr'>utpote</span> <span class='ocrx_word' id='word_1_55' title='bbox 1287 1528 1321 1590; x_wconf 88' lang='lat' dir='ltr'>iu</span> 
     </span>
     <span class='ocr_line' id='line_1_10' title="bbox 229 1641 1320 1734; baseline 0.001 -24"><span class='ocrx_word' id='word_1_56' title='bbox 229 1646 344 1731; x_wconf 90' lang='lat' dir='ltr'>quibus</span> <span class='ocrx_word' id='word_1_57' title='bbox 374 1644 462 1711; x_wconf 89' lang='lat' dir='ltr'>locus</span> <span class='ocrx_word' id='word_1_58' title='bbox 492 1665 554 1710; x_wconf 89' lang='lat' dir='ltr'>non</span> <span class='ocrx_word' id='word_1_59' title='bbox 584 1643 681 1708; x_wconf 89' lang='lat' dir='ltr'>fuerit</span> <span class='ocrx_word' id='word_1_60' title='bbox 712 1641 911 1730; x_wconf 70' lang='lat' dir='ltr'>astrologiae,</span> <span class='ocrx_word' id='word_1_61' title='bbox 943 1643 1038 1708; x_wconf 88' lang='lat' dir='ltr'>refert</span> <span class='ocrx_word' id='word_1_62' title='bbox 1065 1643 1320 1734; x_wconf 82' lang='lat' dir='ltr'>similitudinem,</span> 
     </span>
    </p>
   </div>
   <div class='ocr_carea' id='block_1_3' title="bbox 228 1745 1435 1853">
    <p class='ocr_par' dir='ltr' id='par_1_4' title="bbox 228 1745 1435 1853">
     <span class='ocr_line' id='line_1_11' title="bbox 228 1745 1435 1853; baseline -0.001 -21"><span class='ocrx_word' id='word_1_63' title='bbox 228 1765 282 1832; x_wconf 91' lang='lat' dir='ltr'>sed</span> <span class='ocrx_word' id='word_1_64' title='bbox 313 1768 420 1852; x_wconf 91' lang='lat' dir='ltr'>potius</span> <span class='ocrx_word' id='word_1_65' title='bbox 450 1765 745 1846; x_wconf 78' lang='lat' dir='ltr'>Mithriacorum2),</span> <span class='ocrx_word' id='word_1_66' title='bbox 776 1785 856 1851; x_wconf 89' lang='lat' dir='ltr'>quae</span> <span class='ocrx_word' id='word_1_67' title='bbox 886 1769 918 1829; x_wconf 90' lang='lat' dir='ltr'>et</span> <span class='ocrx_word' id='word_1_68' title='bbox 943 1745 1045 1850; x_wconf 83' lang='lat' dir='ltr'>ipiius</span> <span class='ocrx_word' id='word_1_69' title='bbox 1068 1766 1237 1833; x_wconf 88' lang='lat' dir='ltr'>sacerdotis</span> <span class='ocrx_word' id='word_1_70' title='bbox 1260 1769 1321 1853; x_wconf 89' lang='lat' dir='ltr'>pri·</span> <span class='ocrx_word' id='word_1_71' title='bbox 1432 1809 1435 1817; x_wconf 37' lang='grc' dir='ltr'><strong><em>ι</em></strong></span> 
     </span>
    </p>
   </div>
   <div class='ocr_carea' id='block_1_4' title="bbox 200 1887 1318 3427">
    <p class='ocr_par' dir='ltr' id='par_1_5' title="bbox 200 1887 1318 3427">
     <span class='ocr_line' id='line_1_12' title="bbox 227 1887 1166 1954; baseline -0.001 -1"><span class='ocrx_word' id='word_1_72' title='bbox 227 1889 321 1954; x_wconf 85' lang='lat' dir='ltr'>marii</span> <span class='ocrx_word' id='word_1_73' title='bbox 345 1909 459 1954; x_wconf 87' lang='lat' dir='ltr'>nomen</span> <span class='ocrx_word' id='word_1_74' title='bbox 482 1889 516 1952; x_wconf 92' lang='lat' dir='ltr'>in</span> <span class='ocrx_word' id='word_1_75' title='bbox 538 1892 679 1953; x_wconf 91' lang='lat' dir='ltr'>mentam</span> <span class='ocrx_word' id='word_1_76' title='bbox 701 1887 791 1952; x_wconf 88' lang='lat' dir='ltr'>nobis</span> <span class='ocrx_word' id='word_1_77' title='bbox 814 1891 939 1952; x_wconf 87' lang='lat' dir='ltr'>revocet</span> <span class='ocrx_word' id='word_1_78' title='bbox 960 1907 1086 1952; x_wconf 89' lang='lat' dir='ltr'>necesse</span> <span class='ocrx_word' id='word_1_79' title='bbox 1109 1893 1166 1953; x_wconf 90' lang='lat' dir='ltr'>est.</span> 
     </span>
     <span class='ocr_line' id='line_1_13' title="bbox 272 2005 1318 2094; baseline 0.001 -20"><span class='ocrx_word' id='word_1_80' title='bbox 272 2009 422 2075; x_wconf 84' lang='lat' dir='ltr'>Proximo</span> <span class='ocrx_word' id='word_1_81' title='bbox 452 2007 502 2074; x_wconf 90' lang='lat' dir='ltr'>die</span> <span class='ocrx_word' id='word_1_82' title='bbox 528 2007 647 2074; x_wconf 84' lang='lat' dir='ltr'>Lucius</span> <span class='ocrx_word' id='word_1_83' title='bbox 668 2009 772 2094; x_wconf 86' lang='lat' dir='ltr'>primo</span> <span class='ocrx_word' id='word_1_84' title='bbox 795 2027 887 2072; x_wconf 89' lang='lat' dir='ltr'>mane</span> <span class='ocrx_word' id='word_1_85' title='bbox 910 2005 977 2072; x_wconf 91' lang='lat' dir='ltr'>adit</span> <span class='ocrx_word' id='word_1_86' title='bbox 1000 2008 1206 2087; x_wconf 79' lang='lat' dir='ltr'>sacerdotem,</span> <span class='ocrx_word' id='word_1_87' title='bbox 1231 2012 1318 2088; x_wconf 85' lang='lat' dir='ltr'>,iam</span> 
     </span>
     <span class='ocr_line' id='line_1_14' title="bbox 225 2125 1318 2214; baseline 0.001 -19"><span class='ocrx_word' id='word_1_88' title='bbox 225 2128 317 2196; x_wconf 83' lang='lat' dir='ltr'>velut</span> <span class='ocrx_word' id='word_1_89' title='bbox 339 2128 484 2195; x_wconf 89' lang='lat' dir='ltr'>debitum</span> <span class='ocrx_word' id='word_1_90' title='bbox 506 2131 601 2195; x_wconf 90' lang='lat' dir='ltr'>sacris</span> <span class='ocrx_word' id='word_1_91' title='bbox 623 2129 767 2214; x_wconf 92' lang='lat' dir='ltr'>imperiis</span> <span class='ocrx_word' id='word_1_92' title='bbox 790 2128 978 2214; x_wconf 85' lang='lat' dir='ltr'>obsequium</span> <span class='ocrx_word' id='word_1_93' title='bbox 996 2126 1233 2214; x_wconf 82' lang='lat' dir='ltr'>flagitaturus’&#39;.</span> <span class='ocrx_word' id='word_1_94' title='bbox 1257 2125 1318 2196; x_wconf 85' lang='lat' dir='ltr'>Sed</span> 
     </span>
     <span class='ocr_line' id='line_1_15' title="bbox 225 2248 1316 2336; baseline 0 -20"><span class='ocrx_word' id='word_1_95' title='bbox 225 2249 310 2317; x_wconf 92' lang='lat' dir='ltr'>ultro</span> <span class='ocrx_word' id='word_1_96' title='bbox 333 2249 483 2329; x_wconf 86' lang='lat' dir='ltr'>Mithrae,</span> <span class='ocrx_word' id='word_1_97' title='bbox 508 2271 526 2316; x_wconf 91' lang='lat' dir='ltr'>a</span> <span class='ocrx_word' id='word_1_98' title='bbox 548 2249 607 2316; x_wconf 87' lang='lat' dir='ltr'>dea</span> <span class='ocrx_word' id='word_1_99' title='bbox 629 2249 811 2315; x_wconf 90' lang='lat' dir='ltr'>admonitus</span> <span class='ocrx_word' id='word_1_100' title='bbox 834 2253 866 2315; x_wconf 89' lang='lat' dir='ltr'>et</span> <span class='ocrx_word' id='word_1_101' title='bbox 883 2251 962 2336; x_wconf 87' lang='lat' dir='ltr'>ipse,</span> <span class='ocrx_word' id='word_1_102' title='bbox 983 2248 1108 2315; x_wconf 88' lang='lat' dir='ltr'>felicem</span> <span class='ocrx_word' id='word_1_103' title='bbox 1128 2249 1316 2330; x_wconf 89' lang='lat' dir='ltr'>eumvocat,</span> 
     </span>
     <span class='ocr_line' id='line_1_16' title="bbox 224 2369 1279 2462; baseline 0.001 -24"><span class='ocrx_word' id='word_1_104' title='bbox 224 2375 325 2458; x_wconf 90' lang='lat' dir='ltr'>eique,</span> <span class='ocrx_word' id='word_1_105' title='bbox 348 2393 428 2458; x_wconf 87' lang='lat' dir='ltr'>quae</span> <span class='ocrx_word' id='word_1_106' title='bbox 448 2370 487 2437; x_wconf 88' lang='lat' dir='ltr'>ad</span> <span class='ocrx_word' id='word_1_107' title='bbox 506 2392 607 2462; x_wconf 93' lang='lat' dir='ltr'>usum</span> <span class='ocrx_word' id='word_1_108' title='bbox 622 2369 736 2438; x_wconf 89' lang='lat' dir='ltr'>teletae</span> <span class='ocrx_word' id='word_1_109' title='bbox 753 2370 969 2458; x_wconf 82' lang='lat' dir='ltr'>praeparanda</span> <span class='ocrx_word' id='word_1_110' title='bbox 987 2373 1061 2450; x_wconf 91' lang='lat' dir='ltr'>sint,</span> <span class='ocrx_word' id='word_1_111' title='bbox 1082 2371 1279 2459; x_wconf 68' lang='lat' dir='ltr'>praediciti).</span> 
     </span>
     <span class='ocr_line' id='line_1_17' title="bbox 221 2492 1316 2579; baseline 0.001 -20"><span class='ocrx_word' id='word_1_112' title='bbox 221 2536 223 2542; x_wconf 85' lang='lat'><em>.</em></span> <span class='ocrx_word' id='word_1_113' title='bbox 270 2492 339 2572; x_wconf 74' lang='lat' dir='ltr'>„ua</span> <span class='ocrx_word' id='word_1_114' title='bbox 369 2492 547 2579; x_wconf 90' lang='lat' dir='ltr'>protinus&#39;&#39;‚</span> <span class='ocrx_word' id='word_1_115' title='bbox 578 2499 616 2558; x_wconf 89' lang='lat' dir='ltr'>ut</span> <span class='ocrx_word' id='word_1_116' title='bbox 637 2494 740 2578; x_wconf 89' lang='lat' dir='ltr'>ipsius</span> <span class='ocrx_word' id='word_1_117' title='bbox 762 2498 894 2558; x_wconf 90' lang='lat' dir='ltr'>utamur</span> <span class='ocrx_word' id='word_1_118' title='bbox 915 2492 1022 2559; x_wconf 84' lang='lat' dir='ltr'>verbis</span> <span class='ocrx_word' id='word_1_119' title='bbox 1046 2495 1217 2579; x_wconf 88' lang='lat' dir='ltr'>scriptoris,</span> <span class='ocrx_word' id='word_1_120' title='bbox 1244 2515 1316 2572; x_wconf 80' lang='lat' dir='ltr'>„na</span> 
     </span>
     <span class='ocr_line' id='line_1_18' title="bbox 222 2609 1317 2700; baseline -0.001 -19"><span class='ocrx_word' id='word_1_121' title='bbox 222 2615 307 2681; x_wconf 83' lang='lat' dir='ltr'>viter</span> <span class='ocrx_word' id='word_1_122' title='bbox 336 2617 369 2679; x_wconf 93' lang='lat' dir='ltr'>et</span> <span class='ocrx_word' id='word_1_123' title='bbox 397 2612 560 2699; x_wconf 86' lang='lat' dir='ltr'>aliquanto</span> <span class='ocrx_word' id='word_1_124' title='bbox 589 2609 753 2678; x_wconf 87' lang='lat' dir='ltr'>liberalius</span> <span class='ocrx_word' id='word_1_125' title='bbox 780 2615 896 2698; x_wconf 89' lang='lat' dir='ltr'>partim</span> <span class='ocrx_word' id='word_1_126' title='bbox 919 2615 987 2700; x_wconf 91' lang='lat' dir='ltr'>ipse</span> <span class='ocrx_word' id='word_1_127' title='bbox 1010 2615 1129 2699; x_wconf 86' lang='lat' dir='ltr'>partim</span> <span class='ocrx_word' id='word_1_128' title='bbox 1151 2635 1317 2700; x_wconf 85' lang='lat' dir='ltr'>permees</span> 
     </span>
     <span class='ocr_line' id='line_1_19' title="bbox 200 2732 1316 2819; baseline 0 -19"><span class='ocrx_word' id='word_1_129' title='bbox 200 2737 323 2814; x_wconf 86' lang='lat' dir='ltr'>¹socios</span> <span class='ocrx_word' id='word_1_130' title='bbox 353 2733 522 2800; x_wconf 88' lang='lat' dir='ltr'>coemenda</span> <span class='ocrx_word' id='word_1_131' title='bbox 552 2754 696 2819; x_wconf 88' lang='lat' dir='ltr'>procuro.</span> <span class='ocrx_word' id='word_1_132' title='bbox 727 2732 859 2818; x_wconf 91' lang='lat' dir='ltr'>Iamque</span> <span class='ocrx_word' id='word_1_133' title='bbox 890 2737 1042 2818; x_wconf 89' lang='lat' dir='ltr'>tempore,</span> <span class='ocrx_word' id='word_1_134' title='bbox 1074 2740 1111 2799; x_wconf 94' lang='lat' dir='ltr'>ut</span> <span class='ocrx_word' id='word_1_135' title='bbox 1142 2735 1246 2800; x_wconf 91' lang='lat' dir='ltr'>aiebat</span> <span class='ocrx_word' id='word_1_136' title='bbox 1269 2757 1316 2800; x_wconf 81' lang='lat' dir='ltr'>sa</span> 
     </span>
     <span class='ocr_line' id='line_1_20' title="bbox 224 2851 1315 2941; baseline -0.002 -20"><span class='ocrx_word' id='word_1_137' title='bbox 224 2855 342 2934; x_wconf 88' lang='lat' dir='ltr'>cerdos,</span> <span class='ocrx_word' id='word_1_138' title='bbox 364 2855 398 2920; x_wconf 91' lang='lat' dir='ltr'>id</span> <span class='ocrx_word' id='word_1_139' title='bbox 420 2852 603 2941; x_wconf 73' lang='lat' dir='ltr'>postulante</span> <span class='ocrx_word' id='word_1_140' title='bbox 626 2856 781 2940; x_wconf 92' lang='lat' dir='ltr'>stipatum</span> <span class='ocrx_word' id='word_1_141' title='bbox 799 2875 852 2918; x_wconf 91' lang='lat' dir='ltr'>me</span> <span class='ocrx_word' id='word_1_142' title='bbox 868 2851 1021 2941; x_wconf 82' lang='lat' dir='ltr'>religiosa</span> <span class='ocrx_word' id='word_1_143' title='bbox 1040 2854 1167 2920; x_wconf 89' lang='lat' dir='ltr'>cohorte</span> <span class='ocrx_word' id='word_1_144' title='bbox 1187 2855 1315 2921; x_wconf 83' lang='lat' dir='ltr'>deducit</span> 
     </span>
     <span class='ocr_line' id='line_1_21' title="bbox 223 2973 1314 3064; baseline 0 -22"><span class='ocrx_word' id='word_1_145' title='bbox 223 2976 263 3042; x_wconf 89' lang='lat' dir='ltr'>ad</span> <span class='ocrx_word' id='word_1_146' title='bbox 285 2979 445 3064; x_wconf 80' lang='lat' dir='ltr'>proximas</span> <span class='ocrx_word' id='word_1_147' title='bbox 467 2975 596 3042; x_wconf 89' lang='lat' dir='ltr'>balneas</span> <span class='ocrx_word' id='word_1_148' title='bbox 619 2981 651 3040; x_wconf 87' lang='lat' dir='ltr'>ot</span> <span class='ocrx_word' id='word_1_149' title='bbox 674 2977 764 3063; x_wconf 89' lang='lat' dir='ltr'>prius</span> <span class='ocrx_word' id='word_1_150' title='bbox 786 2981 876 3040; x_wconf 89' lang='lat' dir='ltr'>sueto</span> <span class='ocrx_word' id='word_1_151' title='bbox 895 2973 1021 3042; x_wconf 84' lang='lat' dir='ltr'>lavacro</span> <span class='ocrx_word' id='word_1_152' title='bbox 1042 2976 1208 3055; x_wconf 87' lang='lat' dir='ltr'>traditum,</span> <span class='ocrx_word' id='word_1_153' title='bbox 1227 2998 1314 3062; x_wconf 89' lang='lat' dir='ltr'>prae-</span> 
     </span>
     <span class='ocr_line' id='line_1_22' title="bbox 222 3095 1313 3186; baseline 0.002 -23"><span class='ocrx_word' id='word_1_154' title='bbox 222 3099 306 3164; x_wconf 86' lang='lat' dir='ltr'>fatus</span> <span class='ocrx_word' id='word_1_155' title='bbox 324 3097 420 3163; x_wconf 90' lang='lat' dir='ltr'>deum</span> <span class='ocrx_word' id='word_1_156' title='bbox 434 3099 572 3175; x_wconf 83' lang='lat' dir='ltr'>veniam,</span> <span class='ocrx_word' id='word_1_157' title='bbox 585 3099 755 3182; x_wconf 89' lang='lat' dir='ltr'>purissime</span> <span class='ocrx_word' id='word_1_158' title='bbox 767 3099 997 3162; x_wconf 86' lang='lat' dir='ltr'>circumrorans</span> <span class='ocrx_word' id='word_1_159' title='bbox 1009 3095 1111 3163; x_wconf 89' lang='lat' dir='ltr'>abluit</span> <span class='ocrx_word' id='word_1_160' title='bbox 1122 3120 1313 3186; x_wconf 89' lang='lat' dir='ltr'>rursumque</span> 
     </span>
     <span class='ocr_line' id='line_1_23' title="bbox 222 3217 1313 3304; baseline 0.002 -20"><span class='ocrx_word' id='word_1_161' title='bbox 222 3219 261 3284; x_wconf 90' lang='lat' dir='ltr'>ad</span> <span class='ocrx_word' id='word_1_162' title='bbox 285 3218 443 3304; x_wconf 90' lang='lat' dir='ltr'>templum</span> <span class='ocrx_word' id='word_1_163' title='bbox 465 3218 643 3295; x_wconf 87' lang='lat' dir='ltr'>reductum,</span> <span class='ocrx_word' id='word_1_164' title='bbox 663 3221 729 3283; x_wconf 90' lang='lat' dir='ltr'>iam</span> <span class='ocrx_word' id='word_1_165' title='bbox 749 3217 872 3283; x_wconf 91' lang='lat' dir='ltr'>duabus</span> <span class='ocrx_word' id='word_1_166' title='bbox 892 3218 955 3283; x_wconf 90' lang='lat' dir='ltr'>diei</span> <span class='ocrx_word' id='word_1_167' title='bbox 973 3220 1117 3304; x_wconf 90' lang='lat' dir='ltr'>partibus</span> <span class='ocrx_word' id='word_1_168' title='bbox 1136 3223 1313 3299; x_wconf 80' lang='lat' dir='ltr'>transactis,</span> 
     </span>
     <span class='ocr_line' id='line_1_24' title="bbox 222 3340 1314 3427; baseline 0.001 -22"><span class='ocrx_word' id='word_1_169' title='bbox 222 3345 295 3405; x_wconf 88' lang='lat' dir='ltr'>ante</span> <span class='ocrx_word' id='word_1_170' title='bbox 321 3342 392 3426; x_wconf 90' lang='lat' dir='ltr'>ipsa</span> <span class='ocrx_word' id='word_1_171' title='bbox 415 3340 490 3405; x_wconf 90' lang='lat' dir='ltr'>deae</span> <span class='ocrx_word' id='word_1_172' title='bbox 511 3341 648 3427; x_wconf 81' lang='lat' dir='ltr'>vestigia</span> <span class='ocrx_word' id='word_1_173' title='bbox 671 3341 837 3404; x_wconf 89' lang='lat' dir='ltr'>constituit</span> <span class='ocrx_word' id='word_1_174' title='bbox 860 3346 1042 3425; x_wconf 88' lang='lat' dir='ltr'>secretoque</span> <span class='ocrx_word' id='word_1_175' title='bbox 1065 3342 1222 3407; x_wconf 87' lang='lat' dir='ltr'>mandatis</span> <span class='ocrx_word' id='word_1_176' title='bbox 1246 3344 1314 3426; x_wconf 91' lang='lat' dir='ltr'>qui-</span> 
     </span>
    </p>
   </div>
   <div class='ocr_carea' id='block_1_5' title="bbox 221 3455 1418 3548">
    <p class='ocr_par' dir='ltr' id='par_1_6' title="bbox 221 3455 1418 3548">
     <span class='ocr_line' id='line_1_25' title="bbox 221 3455 1418 3548; baseline 0.003 -24"><span class='ocrx_word' id='word_1_177' title='bbox 221 3459 356 3526; x_wconf 91' lang='lat' dir='ltr'>busdam</span> <span class='ocrx_word' id='word_1_178' title='bbox 379 3481 458 3547; x_wconf 87' lang='lat' dir='ltr'>quae</span> <span class='ocrx_word' id='word_1_179' title='bbox 482 3481 559 3528; x_wconf 84' lang='lat' dir='ltr'>voce</span> <span class='ocrx_word' id='word_1_180' title='bbox 580 3459 711 3527; x_wconf 88' lang='lat' dir='ltr'>meliora</span> <span class='ocrx_word' id='word_1_181' title='bbox 730 3465 815 3544; x_wconf 90' lang='lat' dir='ltr'>sunt,</span> <span class='ocrx_word' id='word_1_182' title='bbox 833 3459 915 3525; x_wconf 92' lang='lat' dir='ltr'>illud</span> <span class='ocrx_word' id='word_1_183' title='bbox 934 3459 1026 3548; x_wconf 91' lang='lat' dir='ltr'>plane</span> <span class='ocrx_word' id='word_1_184' title='bbox 1046 3465 1166 3528; x_wconf 91' lang='lat' dir='ltr'>cunctis</span> <span class='ocrx_word' id='word_1_185' title='bbox 1186 3463 1312 3528; x_wconf 85' lang='lat' dir='ltr'>arbitris</span> <span class='ocrx_word' id='word_1_186' title='bbox 1415 3455 1418 3464; x_wconf 45' lang='lat'><em>¹</em></span> 
     </span>
    </p>
   </div>
   <div class='ocr_carea' id='block_1_6' title="bbox 219 3717 1315 4524">
    <p class='ocr_par' dir='ltr' id='par_1_7' title="bbox 254 3717 471 3780">
     <span class='ocr_line' id='line_1_26' title="bbox 254 3717 471 3780; baseline -0.009 -12"><span class='ocrx_word' id='word_1_187' title='bbox 254 3719 278 3780; x_wconf 96' lang='grc'>1)</span> <span class='ocrx_word' id='word_1_188' title='bbox 295 3717 355 3769; x_wconf 79' lang='lat' dir='ltr'>Met.</span> <span class='ocrx_word' id='word_1_189' title='bbox 370 3717 413 3777; x_wconf 80' lang='lat' dir='ltr'>XI,</span> <span class='ocrx_word' id='word_1_190' title='bbox 430 3717 471 3767; x_wconf 77' lang='lat'>22.</span> 
     </span>
    </p>

    <p class='ocr_par' dir='ltr' id='par_1_8' title="bbox 219 3797 1315 4446">
     <span class='ocr_line' id='line_1_27' title="bbox 253 3797 1315 3866; baseline 0.001 -15"><span class='ocrx_word' id='word_1_191' title='bbox 253 3801 278 3864; x_wconf 76' lang='grc'>2)</span> <span class='ocrx_word' id='word_1_192' title='bbox 294 3799 331 3851; x_wconf 82' lang='lat' dir='ltr'>Oi.</span> <span class='ocrx_word' id='word_1_193' title='bbox 348 3799 375 3851; x_wconf 82' lang='lat' dir='ltr'>F.</span> <span class='ocrx_word' id='word_1_194' title='bbox 392 3799 503 3848; x_wconf 76' lang='lat' dir='ltr'>Guuour</span> <span class='ocrx_word' id='word_1_195' title='bbox 522 3797 538 3846; x_wconf 88' lang='lat' dir='ltr'>i.</span> <span class='ocrx_word' id='word_1_196' title='bbox 548 3814 570 3848; x_wconf 83' lang='lat' dir='ltr'>v.</span> <span class='ocrx_word' id='word_1_197' title='bbox 588 3797 701 3858; x_wconf 85' lang='lat' dir='ltr'>Mithrae,</span> <span class='ocrx_word' id='word_1_198' title='bbox 717 3798 775 3850; x_wconf 81' lang='lat' dir='ltr'>Lex.</span> <span class='ocrx_word' id='word_1_199' title='bbox 792 3798 880 3848; x_wconf 82' lang='lat' dir='ltr'>Roach.</span> <span class='ocrx_word' id='word_1_200' title='bbox 898 3804 957 3848; x_wconf 92' lang='lat' dir='ltr'>tom.</span> <span class='ocrx_word' id='word_1_201' title='bbox 971 3799 1006 3859; x_wconf 92' lang='lat' dir='ltr'>II,</span> <span class='ocrx_word' id='word_1_202' title='bbox 1023 3799 1142 3866; x_wconf 64' lang='grc' dir='ltr'><strong>11300οε</strong></span> <span class='ocrx_word' id='word_1_203' title='bbox 1161 3800 1224 3862; x_wconf 83' lang='lat' dir='ltr'>,Die</span> <span class='ocrx_word' id='word_1_204' title='bbox 1238 3807 1315 3852; x_wconf 83' lang='lat' dir='ltr'>astro·</span> 
     </span>
     <span class='ocr_line' id='line_1_28' title="bbox 219 3880 1313 3948; baseline 0.001 -15"><span class='ocrx_word' id='word_1_205' title='bbox 219 3883 342 3948; x_wconf 76' lang='lat' dir='ltr'>logiecbeu</span> <span class='ocrx_word' id='word_1_206' title='bbox 365 3881 571 3932; x_wconf 83' lang='lat' dir='ltr'>Glaubenslehren</span> <span class='ocrx_word' id='word_1_207' title='bbox 593 3881 670 3942; x_wconf 84' lang='lat' dir='ltr'>(Mon.</span> <span class='ocrx_word' id='word_1_208' title='bbox 688 3881 713 3943; x_wconf 77' lang='grc'>0)</span> <span class='ocrx_word' id='word_1_209' title='bbox 736 3881 784 3931; x_wconf 83' lang='lat' dir='ltr'>und</span> <span class='ocrx_word' id='word_1_210' title='bbox 803 3881 837 3930; x_wconf 90' lang='lat' dir='ltr'>im</span> <span class='ocrx_word' id='word_1_211' title='bbox 854 3880 1014 3945; x_wconf 77' lang='lat' dir='ltr'>allgemeiusn</span> <span class='ocrx_word' id='word_1_212' title='bbox 1031 3882 1081 3932; x_wconf 78' lang='lat' dir='ltr'>alle</span> <span class='ocrx_word' id='word_1_213' title='bbox 1098 3883 1313 3948; x_wconf 79' lang='lat' dir='ltr'>abergliiubisobeu</span> 
     </span>
     <span class='ocr_line' id='line_1_29' title="bbox 219 3959 1314 4030; baseline 0.005 -18"><span class='ocrx_word' id='word_1_214' title='bbox 219 3964 404 4030; x_wconf 76' lang='lat' dir='ltr'>Vorstellungcn</span> <span class='ocrx_word' id='word_1_215' title='bbox 420 3963 525 4027; x_wconf 77' lang='lat' dir='ltr'>(Plinius</span> <span class='ocrx_word' id='word_1_216' title='bbox 541 3963 599 4013; x_wconf 67' lang='lat' dir='ltr'>hm.</span> <span class='ocrx_word' id='word_1_217' title='bbox 618 3962 649 4015; x_wconf 74' lang='lat'>87</span> <span class='ocrx_word' id='word_1_218' title='bbox 659 3979 680 4012; x_wconf 89' lang='lat' dir='ltr'>c.</span> <span class='ocrx_word' id='word_1_219' title='bbox 698 3963 729 4012; x_wconf 98' lang='grc'>10</span> <span class='ocrx_word' id='word_1_220' title='bbox 748 3959 824 4026; x_wconf 62' lang='grc'><strong>4100.</strong></span> <span class='ocrx_word' id='word_1_221' title='bbox 841 3962 991 4027; x_wconf 63' lang='lat' dir='ltr'>theophan,</span> <span class='ocrx_word' id='word_1_222' title='bbox 1005 3962 1314 4028; x_wconf 66' lang='lat' dir='ltr'>ehrenogr.,s.b1.bt94.</span> 
     </span>
     <span class='ocr_line' id='line_1_30' title="bbox 219 4045 1314 4112; baseline 0.001 -14"><span class='ocrx_word' id='word_1_223' title='bbox 219 4049 349 4108; x_wconf 78' lang='lat' dir='ltr'>Wusaaur,</span> <span class='ocrx_word' id='word_1_224' title='bbox 372 4046 537 4096; x_wconf 73' lang='lat' dir='ltr'>driacbischer</span> <span class='ocrx_word' id='word_1_225' title='bbox 559 4045 758 4110; x_wconf 80' lang='lat' dir='ltr'>Zauberpapyrue</span> <span class='ocrx_word' id='word_1_226' title='bbox 776 4047 840 4095; x_wconf 86' lang='lat'>1888</span> <span class='ocrx_word' id='word_1_227' title='bbox 856 4061 879 4094; x_wconf 85' lang='lat' dir='ltr'>v.</span> <span class='ocrx_word' id='word_1_228' title='bbox 899 4045 948 4098; x_wconf 76' lang='lat'>475</span> <span class='ocrx_word' id='word_1_229' title='bbox 959 4047 997 4105; x_wconf 79' lang='lat' dir='ltr'>ff.;</span> <span class='ocrx_word' id='word_1_230' title='bbox 1019 4047 1070 4112; x_wconf 81' lang='lat' dir='ltr'>vgl.</span> <span class='ocrx_word' id='word_1_231' title='bbox 1093 4047 1179 4098; x_wconf 71' lang='lat' dir='ltr'>Teates</span> <span class='ocrx_word' id='word_1_232' title='bbox 1196 4049 1314 4110; x_wconf 77' lang='lat' dir='ltr'>otidum,</span> 
     </span>
     <span class='ocr_line' id='line_1_31' title="bbox 219 4127 1313 4197; baseline 0 -16"><span class='ocrx_word' id='word_1_233' title='bbox 219 4131 383 4197; x_wconf 76' lang='lat' dir='ltr'>gaacbnittene</span> <span class='ocrx_word' id='word_1_234' title='bbox 399 4128 480 4180; x_wconf 82' lang='lat' dir='ltr'>Steiue</span> <span class='ocrx_word' id='word_1_235' title='bbox 496 4145 532 4178; x_wconf 85' lang='lat' dir='ltr'>nr.</span> <span class='ocrx_word' id='word_1_236' title='bbox 551 4129 609 4190; x_wconf 82' lang='lat' dir='ltr'>lff.)</span> <span class='ocrx_word' id='word_1_237' title='bbox 625 4129 723 4178; x_wconf 81' lang='lat' dir='ltr'>worden</span> <span class='ocrx_word' id='word_1_238' title='bbox 739 4127 818 4177; x_wconf 84' lang='lat' dir='ltr'>sicher</span> <span class='ocrx_word' id='word_1_239' title='bbox 834 4127 867 4176; x_wconf 91' lang='lat' dir='ltr'>im</span> <span class='ocrx_word' id='word_1_240' title='bbox 886 4127 1044 4176; x_wconf 81' lang='lat' dir='ltr'>Abeudlsude</span> <span class='ocrx_word' id='word_1_241' title='bbox 1062 4129 1137 4179; x_wconf 87' lang='lat' dir='ltr'>durch</span> <span class='ocrx_word' id='word_1_242' title='bbox 1155 4131 1194 4180; x_wconf 88' lang='lat' dir='ltr'>die</span> <span class='ocrx_word' id='word_1_243' title='bbox 1208 4131 1313 4181; x_wconf 75' lang='lat' dir='ltr'>Priantar</span> 
     </span>
     <span class='ocr_line' id='line_1_32' title="bbox 219 4209 1313 4275; baseline 0 -11"><span class='ocrx_word' id='word_1_244' title='bbox 219 4215 260 4264; x_wconf 85' lang='lat' dir='ltr'>dee</span> <span class='ocrx_word' id='word_1_245' title='bbox 283 4214 388 4264; x_wconf 85' lang='lat' dir='ltr'>Mithres</span> <span class='ocrx_word' id='word_1_246' title='bbox 410 4212 546 4262; x_wconf 84' lang='lat' dir='ltr'>verbreitet.</span> <span class='ocrx_word' id='word_1_247' title='bbox 569 4211 643 4260; x_wconf 83' lang='lat' dir='ltr'>lliner</span> <span class='ocrx_word' id='word_1_248' title='bbox 665 4227 712 4261; x_wconf 82' lang='lat' dir='ltr'>rou</span> <span class='ocrx_word' id='word_1_249' title='bbox 734 4211 807 4260; x_wconf 79' lang='lat' dir='ltr'>ihren</span> <span class='ocrx_word' id='word_1_250' title='bbox 829 4211 912 4259; x_wconf 78' lang='lat' dir='ltr'>ribmt</span> <span class='ocrx_word' id='word_1_251' title='bbox 935 4209 987 4259; x_wconf 86' lang='lat' dir='ltr'>sich</span> <span class='ocrx_word' id='word_1_252' title='bbox 1009 4227 1079 4275; x_wconf 76' lang='lat' dir='ltr'>cogar</span> <span class='ocrx_word' id='word_1_253' title='bbox 1102 4213 1127 4262; x_wconf 90' lang='lat' dir='ltr'>in</span> <span class='ocrx_word' id='word_1_254' title='bbox 1144 4213 1222 4264; x_wconf 83' lang='lat' dir='ltr'>seiucr</span> <span class='ocrx_word' id='word_1_255' title='bbox 1239 4215 1313 4264; x_wconf 81' lang='lat' dir='ltr'>Grab</span> 
     </span>
     <span class='ocr_line' id='line_1_33' title="bbox 219 4293 1313 4359; baseline 0.003 -14"><span class='ocrx_word' id='word_1_256' title='bbox 219 4296 312 4356; x_wconf 81' lang='lat' dir='ltr'>schrift,</span> <span class='ocrx_word' id='word_1_257' title='bbox 337 4294 502 4346; x_wconf 81' lang='lat' dir='ltr'>studiosus</span> <span class='ocrx_word' id='word_1_258' title='bbox 529 4294 731 4359; x_wconf 82' lang='lat' dir='ltr'>astrologiae</span> <span class='ocrx_word' id='word_1_259' title='bbox 755 4293 1110 4356; x_wconf 70' lang='lat' dir='ltr'>auseiussusor.192)”.cf.</span> <span class='ocrx_word' id='word_1_260' title='bbox 1133 4303 1157 4346; x_wconf 88' lang='lat' dir='ltr'>et</span> <span class='ocrx_word' id='word_1_261' title='bbox 1179 4297 1266 4347; x_wconf 76' lang='lat' dir='ltr'>Testes</span> <span class='ocrx_word' id='word_1_262' title='bbox 1288 4304 1313 4349; x_wconf 85' lang='lat' dir='ltr'>ot</span> 
     </span>
     <span class='ocr_line' id='line_1_34' title="bbox 219 4375 1186 4446; baseline 0.001 -18"><span class='ocrx_word' id='word_1_263' title='bbox 219 4378 373 4428; x_wconf 73' lang='lat' dir='ltr'>monuments</span> <span class='ocrx_word' id='word_1_264' title='bbox 390 4377 432 4428; x_wconf 84' lang='lat' dir='ltr'>rel.</span> <span class='ocrx_word' id='word_1_265' title='bbox 450 4392 497 4427; x_wconf 79' lang='lat' dir='ltr'>eux</span> <span class='ocrx_word' id='word_1_266' title='bbox 515 4375 634 4443; x_wconf 75' lang='lat' dir='ltr'>Myetbree</span> <span class='ocrx_word' id='word_1_267' title='bbox 651 4378 682 4428; x_wconf 85' lang='lat' dir='ltr'>de</span> <span class='ocrx_word' id='word_1_268' title='bbox 698 4377 811 4437; x_wconf 80' lang='lat' dir='ltr'>Mithrae,</span> <span class='ocrx_word' id='word_1_269' title='bbox 827 4381 887 4427; x_wconf 90' lang='lat' dir='ltr'>tom.</span> <span class='ocrx_word' id='word_1_270' title='bbox 904 4376 925 4436; x_wconf 91' lang='lat' dir='ltr'>I,</span> <span class='ocrx_word' id='word_1_271' title='bbox 942 4391 967 4444; x_wconf 83' lang='lat' dir='ltr'>p.</span> <span class='ocrx_word' id='word_1_272' title='bbox 985 4375 1033 4429; x_wconf 79' lang='lat'>120</span> <span class='ocrx_word' id='word_1_273' title='bbox 1050 4382 1074 4427; x_wconf 87' lang='lat' dir='ltr'>et</span> <span class='ocrx_word' id='word_1_274' title='bbox 1093 4379 1138 4430; x_wconf 80' lang='grc'>801</span> <span class='ocrx_word' id='word_1_275' title='bbox 1151 4396 1186 4446; x_wconf 85' lang='lat' dir='ltr'>sq.</span> 
     </span>
    </p>

    <p class='ocr_par' dir='ltr' id='par_1_9' title="bbox 252 4461 413 4524">
     <span class='ocr_line' id='line_1_35' title="bbox 252 4461 413 4524; baseline -0.012 -12"><span class='ocrx_word' id='word_1_276' title='bbox 252 4462 277 4524; x_wconf 78' lang='lat'>3)</span> <span class='ocrx_word' id='word_1_277' title='bbox 293 4461 353 4511; x_wconf 82' lang='lat' dir='ltr'>Met.</span> <span class='ocrx_word' id='word_1_278' title='bbox 370 4461 413 4512; x_wconf 87' lang='lat' dir='ltr'>l.l.</span> 
     </span>
    </p>
   </div>
   <div class='ocr_carea' id='block_1_7' title="bbox 0 0 1682 5262">
    <p class='ocr_par' dir='ltr' id='par_1_10' title="bbox 0 0 1682 5262">
     <span class='ocr_line' id='line_1_36' title="bbox 0 0 1682 5262; baseline 0 5"><span class='ocrx_word' id='word_1_279' title='bbox 0 0 1682 5262; x_wconf 95' lang='lat' dir='ltr'> </span> 
     </span>
    </p>
   </div>
  </div>
 </body>
</html>
