<?xml version="1.0" encoding="UTF-8"?>
<!DOCTYPE html PUBLIC "-//W3C//DTD XHTML 1.0 Transitional//EN"
    "http://www.w3.org/TR/xhtml1/DTD/xhtml1-transitional.dtd">
<html xmlns="http://www.w3.org/1999/xhtml" xml:lang="en" lang="en">
 <head>
  <title>
</title>
<meta http-equiv="Content-Type" content="text/html;charset=utf-8" />
  <meta name='ocr-system' content='tesseract 3.04.00' />
  <meta name='ocr-capabilities' content='ocr_page ocr_carea ocr_par ocr_line ocrx_word'/>
</head>
<body>
  <div class='ocr_page' id='page_1' title='image "./deapuleioisiaco00jonggoog_0119.png"; bbox 0 0 3350 5264; ppageno 0'>
   <div class='ocr_carea' id='block_1_1' title="bbox 923 479 986 548">
    <p class='ocr_par' dir='ltr' id='par_1_1' title="bbox 923 479 986 548">
     <span class='ocr_line' id='line_1_1' title="bbox 923 479 986 548; baseline -0.063 0"><span class='ocrx_word' id='word_1_1' title='bbox 923 479 986 548; x_wconf 81' lang='lat'><strong>104</strong></span> 
     </span>
    </p>
   </div>
   <div class='ocr_carea' id='block_1_2' title="bbox 403 662 1502 2577">
    <p class='ocr_par' dir='ltr' id='par_1_2' title="bbox 403 662 1502 2577">
     <span class='ocr_line' id='line_1_2' title="bbox 409 662 1501 751; baseline -0.003 -20"><span class='ocrx_word' id='word_1_2' title='bbox 409 666 490 744; x_wconf 87' lang='lat' dir='ltr'><strong>„Dis</strong></span> <span class='ocrx_word' id='word_1_3' title='bbox 509 665 578 731; x_wconf 84' lang='lat' dir='ltr'><strong>Zeit</strong></span> <span class='ocrx_word' id='word_1_4' title='bbox 598 663 821 732; x_wconf 80' lang='lat' dir='ltr'><strong>Constantin’s</strong></span> <span class='ocrx_word' id='word_1_5' title='bbox 841 666 869 731; x_wconf 93' lang='grc'><strong>1.</strong></span> <span class='ocrx_word' id='word_1_6' title='bbox 887 664 966 732; x_wconf 79' lang='lat' dir='ltr'><strong>Gr.’&#39;</strong></span> <span class='ocrx_word' id='word_1_7' title='bbox 979 688 1011 751; x_wconf 90' lang='lat' dir='ltr'><strong>p.</strong></span> <span class='ocrx_word' id='word_1_8' title='bbox 1026 663 1089 729; x_wconf 90' lang='grc'><strong>196</strong></span> <span class='ocrx_word' id='word_1_9' title='bbox 1101 685 1164 749; x_wconf 87' lang='lat' dir='ltr'><strong>sq:</strong></span> <span class='ocrx_word' id='word_1_10' title='bbox 1187 663 1271 742; x_wconf 90' lang='lat' dir='ltr'><strong>„Das</strong></span> <span class='ocrx_word' id='word_1_11' title='bbox 1283 662 1424 750; x_wconf 76' lang='lat' dir='ltr'><strong>Elinnige,</strong></span> <span class='ocrx_word' id='word_1_12' title='bbox 1437 683 1501 728; x_wconf 84' lang='grc'><strong>666</strong></span> 
     </span>
     <span class='ocr_line' id='line_1_3' title="bbox 407 767 1500 875; baseline -0.005 -21"><span class='ocrx_word' id='word_1_13' title='bbox 407 790 459 854; x_wconf 92' lang='lat' dir='ltr'><strong>bei</strong></span> <span class='ocrx_word' id='word_1_14' title='bbox 489 789 595 853; x_wconf 90' lang='lat' dir='ltr'><strong>diesen</strong></span> <span class='ocrx_word' id='word_1_15' title='bbox 618 787 754 853; x_wconf 91' lang='lat' dir='ltr'><strong>Weihen</strong></span> <span class='ocrx_word' id='word_1_16' title='bbox 777 767 836 853; x_wconf 86' lang='lat' dir='ltr'><strong>auf¹</strong></span> <span class='ocrx_word' id='word_1_17' title='bbox 855 790 924 854; x_wconf 90' lang='grc'><strong>6166</strong></span> <span class='ocrx_word' id='word_1_18' title='bbox 948 786 1189 875; x_wconf 85' lang='lat' dir='ltr'><strong>systematische</strong></span> <span class='ocrx_word' id='word_1_19' title='bbox 1213 783 1424 871; x_wconf 81' lang='lat' dir='ltr'><strong>Behandlung</strong></span> <span class='ocrx_word' id='word_1_20' title='bbox 1446 783 1500 849; x_wconf 93' lang='lat' dir='ltr'><strong>des</strong></span> 
     </span>
     <span class='ocr_line' id='line_1_4' title="bbox 407 907 1502 996; baseline -0.004 -22"><span class='ocrx_word' id='word_1_21' title='bbox 407 911 568 996; x_wconf 81' lang='lat' dir='ltr'><strong>geistigen</strong></span> <span class='ocrx_word' id='word_1_22' title='bbox 590 908 771 974; x_wconf 88' lang='lat' dir='ltr'><strong>Mensehcn</strong></span> <span class='ocrx_word' id='word_1_23' title='bbox 794 908 970 992; x_wconf 91' lang='lat' dir='ltr'><strong>hindeutet,</strong></span> <span class='ocrx_word' id='word_1_24' title='bbox 990 907 1060 973; x_wconf 90' lang='lat' dir='ltr'><strong>sind</strong></span> <span class='ocrx_word' id='word_1_25' title='bbox 1080 907 1131 973; x_wconf 91' lang='grc'><strong>116</strong></span> <span class='ocrx_word' id='word_1_26' title='bbox 1149 907 1366 992; x_wconf 80' lang='lat' dir='ltr'><strong>bestiindigen,</strong></span> <span class='ocrx_word' id='word_1_27' title='bbox 1386 907 1502 991; x_wconf 80' lang='lat' dir='ltr'><strong>gewiss</strong></span> 
     </span>
     <span class='ocr_line' id='line_1_5' title="bbox 406 1028 1501 1117; baseline -0.003 -22"><span class='ocrx_word' id='word_1_28' title='bbox 406 1032 495 1096; x_wconf 87' lang='lat' dir='ltr'><strong>nieht</strong></span> <span class='ocrx_word' id='word_1_29' title='bbox 517 1052 597 1117; x_wconf 80' lang='lat' dir='ltr'><strong>ganz</strong></span> <span class='ocrx_word' id='word_1_30' title='bbox 619 1029 902 1096; x_wconf 87' lang='lat' dir='ltr'><strong>unwillkiirlichen</strong></span> <span class='ocrx_word' id='word_1_31' title='bbox 926 1030 1073 1113; x_wconf 74' lang='lat' dir='ltr'><strong>Tritumc²</strong></span> <span class='ocrx_word' id='word_1_32' title='bbox 1100 1029 1247 1095; x_wconf 82' lang='grc'><strong>6611166661</strong></span> <span class='ocrx_word' id='word_1_33' title='bbox 1269 1028 1404 1094; x_wconf 77' lang='lat' dir='ltr'><strong>welches</strong></span> <span class='ocrx_word' id='word_1_34' title='bbox 1425 1048 1501 1093; x_wconf 88' lang='lat' dir='ltr'><strong>man</strong></span> 
     </span>
     <span class='ocr_line' id='line_1_6' title="bbox 407 1149 1500 1236; baseline -0.002 -20"><span class='ocrx_word' id='word_1_35' title='bbox 407 1152 466 1217; x_wconf 91' lang='lat' dir='ltr'><strong>den</strong></span> <span class='ocrx_word' id='word_1_36' title='bbox 501 1151 615 1218; x_wconf 92' lang='lat' dir='ltr'><strong>Willen</strong></span> <span class='ocrx_word' id='word_1_37' title='bbox 646 1152 701 1217; x_wconf 88' lang='lat' dir='ltr'><strong>der</strong></span> <span class='ocrx_word' id='word_1_38' title='bbox 730 1149 790 1216; x_wconf 91' lang='lat' dir='ltr'><strong>Isis</strong></span> <span class='ocrx_word' id='word_1_39' title='bbox 827 1153 905 1217; x_wconf 84' lang='lat' dir='ltr'><strong>iiber</strong></span> <span class='ocrx_word' id='word_1_40' title='bbox 938 1150 999 1216; x_wconf 88' lang='lat' dir='ltr'><strong>alle</strong></span> <span class='ocrx_word' id='word_1_41' title='bbox 1034 1150 1099 1214; x_wconf 92' lang='grc'><strong>661</strong></span> <span class='ocrx_word' id='word_1_42' title='bbox 1129 1149 1268 1236; x_wconf 83' lang='lat' dir='ltr'><strong>jegliche</strong></span> <span class='ocrx_word' id='word_1_43' title='bbox 1303 1149 1500 1236; x_wconf 60' lang='grc'><strong>166616666-</strong></span> 
     </span>
     <span class='ocr_line' id='line_1_7' title="bbox 406 1259 1500 1358; baseline -0.001 -22"><span class='ocrx_word' id='word_1_44' title='bbox 406 1274 515 1339; x_wconf 83' lang='grc'><strong>161166</strong></span> <span class='ocrx_word' id='word_1_45' title='bbox 550 1259 731 1339; x_wconf 82' lang='lat' dir='ltr'><strong>rernimmt.</strong></span> <span class='ocrx_word' id='word_1_46' title='bbox 773 1273 883 1338; x_wconf 91' lang='lat' dir='ltr'><strong>Neben</strong></span> <span class='ocrx_word' id='word_1_47' title='bbox 917 1270 1141 1358; x_wconf 81' lang='lat' dir='ltr'><strong>cigentlichem</strong></span> <span class='ocrx_word' id='word_1_48' title='bbox 1178 1271 1301 1357; x_wconf 82' lang='lat' dir='ltr'><strong>Betrug</strong></span> <span class='ocrx_word' id='word_1_49' title='bbox 1334 1293 1397 1336; x_wconf 89' lang='grc'><strong>666</strong></span> <span class='ocrx_word' id='word_1_50' title='bbox 1431 1292 1500 1336; x_wconf 87' lang='lat' dir='ltr'><strong>aus-</strong></span> 
     </span>
     <span class='ocr_line' id='line_1_8' title="bbox 406 1393 1497 1482; baseline -0.003 -22"><span class='ocrx_word' id='word_1_51' title='bbox 406 1415 469 1474; x_wconf 89' lang='lat' dir='ltr'><strong>sen,</strong></span> <span class='ocrx_word' id='word_1_52' title='bbox 505 1395 560 1460; x_wconf 88' lang='lat' dir='ltr'><strong>der</strong></span> <span class='ocrx_word' id='word_1_53' title='bbox 590 1399 624 1482; x_wconf 91' lang='lat' dir='ltr'><strong>ja</strong></span> <span class='ocrx_word' id='word_1_54' title='bbox 659 1396 731 1461; x_wconf 91' lang='lat' dir='ltr'><strong>dem</strong></span> <span class='ocrx_word' id='word_1_55' title='bbox 766 1394 973 1461; x_wconf 75' lang='lat' dir='ltr'><strong>Sohlafenden</strong></span> <span class='ocrx_word' id='word_1_56' title='bbox 1007 1394 1144 1460; x_wconf 77' lang='lat' dir='ltr'><strong>&#39;Priame</strong></span> <span class='ocrx_word' id='word_1_57' title='bbox 1179 1395 1240 1458; x_wconf 87' lang='lat' dir='ltr'><strong>in’s</strong></span> <span class='ocrx_word' id='word_1_58' title='bbox 1262 1394 1336 1459; x_wconf 88' lang='lat' dir='ltr'><strong>Ohr</strong></span> <span class='ocrx_word' id='word_1_59' title='bbox 1365 1393 1497 1458; x_wconf 87' lang='lat' dir='ltr'><strong>fliistern</strong></span> 
     </span>
     <span class='ocr_line' id='line_1_9' title="bbox 405 1515 1496 1602; baseline -0.001 -21"><span class='ocrx_word' id='word_1_60' title='bbox 405 1517 500 1600; x_wconf 83' lang='lat' dir='ltr'><strong>kann,</strong></span> <span class='ocrx_word' id='word_1_61' title='bbox 536 1519 579 1582; x_wconf 90' lang='lat' dir='ltr'><strong>ist</strong></span> <span class='ocrx_word' id='word_1_62' title='bbox 614 1517 693 1582; x_wconf 90' lang='lat' dir='ltr'><strong>doch</strong></span> <span class='ocrx_word' id='word_1_63' title='bbox 730 1518 811 1582; x_wconf 89' lang='lat' dir='ltr'><strong>auch</strong></span> <span class='ocrx_word' id='word_1_64' title='bbox 851 1521 920 1583; x_wconf 91' lang='lat' dir='ltr'><strong>eine</strong></span> <span class='ocrx_word' id='word_1_65' title='bbox 954 1517 1121 1594; x_wconf 86' lang='lat' dir='ltr'><strong>deuernds,</strong></span> <span class='ocrx_word' id='word_1_66' title='bbox 1156 1515 1319 1581; x_wconf 85' lang='lat' dir='ltr'><strong>kiinstlich</strong></span> <span class='ocrx_word' id='word_1_67' title='bbox 1342 1515 1496 1602; x_wconf 77' lang='lat' dir='ltr'><strong>geniihrte</strong></span> 
     </span>
     <span class='ocr_line' id='line_1_10' title="bbox 405 1637 1497 1726; baseline -0.002 -22"><span class='ocrx_word' id='word_1_68' title='bbox 405 1639 716 1726; x_wconf 81' lang='lat' dir='ltr'><strong>Nervenaufrsgung</strong></span> <span class='ocrx_word' id='word_1_69' title='bbox 747 1661 807 1726; x_wconf 81' lang='lat' dir='ltr'><strong>gar</strong></span> <span class='ocrx_word' id='word_1_70' title='bbox 829 1640 913 1706; x_wconf 86' lang='lat' dir='ltr'><strong>wohl</strong></span> <span class='ocrx_word' id='word_1_71' title='bbox 936 1641 1108 1706; x_wconf 84' lang='lat' dir='ltr'><strong>denhbar&#39;&#39;.</strong></span> <span class='ocrx_word' id='word_1_72' title='bbox 1145 1641 1189 1704; x_wconf 84' lang='lat' dir='ltr'><strong>Ac</strong></span> <span class='ocrx_word' id='word_1_73' title='bbox 1212 1638 1334 1704; x_wconf 90' lang='lat' dir='ltr'><strong>nullam</strong></span> <span class='ocrx_word' id='word_1_74' title='bbox 1357 1637 1497 1724; x_wconf 90' lang='lat' dir='ltr'><strong>profecto</strong></span> 
     </span>
     <span class='ocr_line' id='line_1_11' title="bbox 403 1759 1496 1848; baseline -0.002 -23"><span class='ocrx_word' id='word_1_75' title='bbox 403 1763 513 1826; x_wconf 84' lang='lat' dir='ltr'><strong>movet</strong></span> <span class='ocrx_word' id='word_1_76' title='bbox 543 1761 795 1841; x_wconf 79' lang='lat' dir='ltr'><strong>admirationem,</strong></span> <span class='ocrx_word' id='word_1_77' title='bbox 828 1763 972 1828; x_wconf 89' lang='lat' dir='ltr'><strong>homines</strong></span> <span class='ocrx_word' id='word_1_78' title='bbox 1003 1765 1058 1848; x_wconf 93' lang='lat' dir='ltr'><strong>qui</strong></span> <span class='ocrx_word' id='word_1_79' title='bbox 1087 1761 1227 1826; x_wconf 83' lang='lat' dir='ltr'><strong>interdiu</strong></span> <span class='ocrx_word' id='word_1_80' title='bbox 1258 1763 1320 1826; x_wconf 90' lang='lat' dir='ltr'><strong>toti</strong></span> <span class='ocrx_word' id='word_1_81' title='bbox 1349 1762 1383 1824; x_wconf 91' lang='lat' dir='ltr'><strong>in</strong></span> <span class='ocrx_word' id='word_1_82' title='bbox 1405 1759 1496 1825; x_wconf 90' lang='lat' dir='ltr'><strong>cultu</strong></span> 
     </span>
     <span class='ocr_line' id='line_1_12' title="bbox 403 1881 1496 1960; baseline -0.001 -14"><span class='ocrx_word' id='word_1_83' title='bbox 403 1883 522 1947; x_wconf 79' lang='lat' dir='ltr'><strong>fuerint</strong></span> <span class='ocrx_word' id='word_1_84' title='bbox 544 1881 648 1960; x_wconf 90' lang='grc'><strong>161116,</strong></span> <span class='ocrx_word' id='word_1_85' title='bbox 673 1888 704 1948; x_wconf 90' lang='grc'><strong>61</strong></span> <span class='ocrx_word' id='word_1_86' title='bbox 727 1890 818 1950; x_wconf 88' lang='grc'><strong>66616</strong></span> <span class='ocrx_word' id='word_1_87' title='bbox 841 1887 875 1949; x_wconf 91' lang='grc'><strong>16</strong></span> <span class='ocrx_word' id='word_1_88' title='bbox 899 1887 1031 1950; x_wconf 89' lang='lat' dir='ltr'><strong>somniis</strong></span> <span class='ocrx_word' id='word_1_89' title='bbox 1055 1883 1173 1951; x_wconf 84' lang='lat' dir='ltr'><strong>vidisse</strong></span> <span class='ocrx_word' id='word_1_90' title='bbox 1193 1883 1319 1948; x_wconf 89' lang='lat' dir='ltr'><strong>isidem.</strong></span> <span class='ocrx_word' id='word_1_91' title='bbox 1344 1882 1496 1946; x_wconf 81' lang='lat' dir='ltr'><strong>Firmiter</strong></span> 
     </span>
     <span class='ocr_line' id='line_1_13' title="bbox 403 2002 1495 2091; baseline -0.001 -23"><span class='ocrx_word' id='word_1_92' title='bbox 403 2025 517 2089; x_wconf 89' lang='lat' dir='ltr'><strong>nempe</strong></span> <span class='ocrx_word' id='word_1_93' title='bbox 540 2009 705 2069; x_wconf 86' lang='lat' dir='ltr'><strong>teneamus</strong></span> <span class='ocrx_word' id='word_1_94' title='bbox 729 2011 862 2091; x_wconf 88' lang='lat' dir='ltr'><strong>oportet,</strong></span> <span class='ocrx_word' id='word_1_95' title='bbox 887 2005 1057 2070; x_wconf 82' lang='lat' dir='ltr'><strong>initiandos</strong></span> <span class='ocrx_word' id='word_1_96' title='bbox 1081 2027 1143 2071; x_wconf 92' lang='lat' dir='ltr'><strong>non</strong></span> <span class='ocrx_word' id='word_1_97' title='bbox 1167 2005 1281 2083; x_wconf 90' lang='lat' dir='ltr'><strong>solum,</strong></span> <span class='ocrx_word' id='word_1_98' title='bbox 1306 2011 1343 2069; x_wconf 89' lang='lat' dir='ltr'><strong>ut</strong></span> <span class='ocrx_word' id='word_1_99' title='bbox 1365 2007 1399 2068; x_wconf 88' lang='lat' dir='ltr'><strong>in</strong></span> <span class='ocrx_word' id='word_1_100' title='bbox 1421 2002 1495 2068; x_wconf 89' lang='grc'><strong>61116</strong></span> 
     </span>
     <span class='ocr_line' id='line_1_14' title="bbox 403 2125 1496 2213; baseline -0.001 -24"><span class='ocrx_word' id='word_1_101' title='bbox 403 2127 577 2211; x_wconf 83' lang='lat' dir='ltr'><strong>mysteriis,</strong></span> <span class='ocrx_word' id='word_1_102' title='bbox 609 2147 724 2211; x_wconf 87' lang='lat' dir='ltr'><strong>paucos</strong></span> <span class='ocrx_word' id='word_1_103' title='bbox 756 2149 812 2213; x_wconf 89' lang='lat' dir='ltr'><strong>per</strong></span> <span class='ocrx_word' id='word_1_104' title='bbox 843 2127 909 2192; x_wconf 86' lang='lat' dir='ltr'><strong>dies</strong></span> <span class='ocrx_word' id='word_1_105' title='bbox 932 2148 1072 2193; x_wconf 85' lang='lat' dir='ltr'><strong>servasse</strong></span> <span class='ocrx_word' id='word_1_106' title='bbox 1097 2125 1273 2212; x_wconf 64' lang='grc'><strong>61661661),</strong></span> <span class='ocrx_word' id='word_1_107' title='bbox 1299 2127 1353 2192; x_wconf 90' lang='lat' dir='ltr'><strong>sed</strong></span> <span class='ocrx_word' id='word_1_108' title='bbox 1376 2132 1408 2192; x_wconf 88' lang='lat' dir='ltr'><strong>et</strong></span> <span class='ocrx_word' id='word_1_109' title='bbox 1429 2125 1496 2190; x_wconf 89' lang='lat' dir='ltr'><strong>lon-</strong></span> 
     </span>
     <span class='ocr_line' id='line_1_15' title="bbox 403 2247 1497 2332; baseline 0.001 -22"><span class='ocrx_word' id='word_1_110' title='bbox 403 2249 478 2332; x_wconf 76' lang='lat' dir='ltr'><strong>gius</strong></span> <span class='ocrx_word' id='word_1_111' title='bbox 508 2267 565 2330; x_wconf 88' lang='lat' dir='ltr'><strong>per</strong></span> <span class='ocrx_word' id='word_1_112' title='bbox 595 2262 723 2332; x_wconf 87' lang='lat' dir='ltr'><strong>tempus</strong></span> <span class='ocrx_word' id='word_1_113' title='bbox 755 2247 924 2326; x_wconf 90' lang='lat' dir='ltr'><strong>„sedulum</strong></span> <span class='ocrx_word' id='word_1_114' title='bbox 955 2248 1076 2313; x_wconf 90' lang='lat' dir='ltr'><strong>colendi</strong></span> <span class='ocrx_word' id='word_1_115' title='bbox 1108 2251 1248 2314; x_wconf 89' lang='lat' dir='ltr'><strong>numinis</strong></span> <span class='ocrx_word' id='word_1_116' title='bbox 1279 2249 1497 2313; x_wconf 89' lang='lat' dir='ltr'><strong>ministerium</strong></span> 
     </span>
     <span class='ocr_line' id='line_1_16' title="bbox 404 2367 1493 2456; baseline 0.004 -26"><span class='ocrx_word' id='word_1_117' title='bbox 404 2367 650 2452; x_wconf 88' lang='lat' dir='ltr'><strong>frequentasse’&#39;.</strong></span> <span class='ocrx_word' id='word_1_118' title='bbox 685 2368 757 2454; x_wconf 91' lang='lat' dir='ltr'><strong>Ipse</strong></span> <span class='ocrx_word' id='word_1_119' title='bbox 788 2369 825 2434; x_wconf 93' lang='lat' dir='ltr'><strong>de</strong></span> <span class='ocrx_word' id='word_1_120' title='bbox 856 2389 888 2434; x_wconf 93' lang='lat' dir='ltr'><strong>se</strong></span> <span class='ocrx_word' id='word_1_121' title='bbox 920 2371 996 2434; x_wconf 86' lang='lat' dir='ltr'><strong>haec</strong></span> <span class='ocrx_word' id='word_1_122' title='bbox 1026 2370 1122 2434; x_wconf 85' lang='lat' dir='ltr'><strong>refert</strong></span> <span class='ocrx_word' id='word_1_123' title='bbox 1151 2369 1319 2456; x_wconf 90' lang='lat' dir='ltr'><strong>Apuleius,</strong></span> <span class='ocrx_word' id='word_1_124' title='bbox 1351 2367 1407 2452; x_wconf 85' lang='lat' dir='ltr'><strong>XI,</strong></span> <span class='ocrx_word' id='word_1_125' title='bbox 1434 2367 1493 2434; x_wconf 85' lang='lat'><strong>19:</strong></span> 
     </span>
     <span class='ocr_line' id='line_1_17' title="bbox 407 2488 1496 2577; baseline 0.002 -23"><span class='ocrx_word' id='word_1_126' title='bbox 407 2488 557 2566; x_wconf 84' lang='lat' dir='ltr'><strong>„aedibus</strong></span> <span class='ocrx_word' id='word_1_127' title='bbox 588 2489 750 2555; x_wconf 89' lang='lat' dir='ltr'><strong>conductis</strong></span> <span class='ocrx_word' id='word_1_128' title='bbox 780 2492 864 2556; x_wconf 89' lang='lat' dir='ltr'><strong>intra</strong></span> <span class='ocrx_word' id='word_1_129' title='bbox 895 2496 1083 2576; x_wconf 81' lang='lat' dir='ltr'><strong>conseptum</strong></span> <span class='ocrx_word' id='word_1_130' title='bbox 1114 2491 1229 2577; x_wconf 90' lang='lat' dir='ltr'><strong>templi</strong></span> <span class='ocrx_word' id='word_1_131' title='bbox 1251 2491 1353 2556; x_wconf 89' lang='lat' dir='ltr'><strong>larem</strong></span> <span class='ocrx_word' id='word_1_132' title='bbox 1376 2497 1496 2576; x_wconf 81' lang='lat' dir='ltr'><strong>tempo</strong></span> 
     </span>
    </p>
   </div>
   <div class='ocr_carea' id='block_1_3' title="bbox 404 2611 1497 2699">
    <p class='ocr_par' dir='ltr' id='par_1_3' title="bbox 404 2611 1497 2699">
     <span class='ocr_line' id='line_1_18' title="bbox 404 2611 1497 2699; baseline 0.002 -25"><span class='ocrx_word' id='word_1_133' title='bbox 404 2613 524 2675; x_wconf 77' lang='lat' dir='ltr'><strong>narium</strong></span> <span class='ocrx_word' id='word_1_134' title='bbox 555 2612 637 2676; x_wconf 90' lang='lat' dir='ltr'><strong>mihi</strong></span> <span class='ocrx_word' id='word_1_135' title='bbox 668 2615 828 2678; x_wconf 90' lang='lat' dir='ltr'><strong>constituo</strong></span> <span class='ocrx_word' id='word_1_136' title='bbox 852 2612 927 2679; x_wconf 88' lang='grc'><strong>1666</strong></span> <span class='ocrx_word' id='word_1_137' title='bbox 951 2615 1139 2678; x_wconf 88' lang='lat' dir='ltr'><strong>ministeriis</strong></span> <span class='ocrx_word' id='word_1_138' title='bbox 1163 2614 1265 2678; x_wconf 89' lang='lat' dir='ltr'><strong>adhuc</strong></span> <span class='ocrx_word' id='word_1_139' title='bbox 1288 2615 1422 2699; x_wconf 83' lang='lat' dir='ltr'><strong>privatis</strong></span> <span class='ocrx_word' id='word_1_140' title='bbox 1445 2611 1497 2677; x_wconf 94' lang='lat' dir='ltr'><strong>ad-</strong></span> 
     </span>
    </p>
   </div>
   <div class='ocr_carea' id='block_1_4' title="bbox 403 2734 1497 3431">
    <p class='ocr_par' dir='ltr' id='par_1_4' title="bbox 403 2734 1497 3431">
     <span class='ocr_line' id='line_1_19' title="bbox 404 2734 1497 2820; baseline 0.003 -24"><span class='ocrx_word' id='word_1_141' title='bbox 404 2734 527 2816; x_wconf 91' lang='lat' dir='ltr'><strong>positus</strong></span> <span class='ocrx_word' id='word_1_142' title='bbox 558 2734 832 2820; x_wconf 78' lang='lat' dir='ltr'><strong>contuberniisque</strong></span> <span class='ocrx_word' id='word_1_143' title='bbox 863 2734 1060 2800; x_wconf 89' lang='lat' dir='ltr'><strong>sacerdotum</strong></span> <span class='ocrx_word' id='word_1_144' title='bbox 1090 2735 1276 2800; x_wconf 88' lang='lat' dir='ltr'><strong>individuus</strong></span> <span class='ocrx_word' id='word_1_145' title='bbox 1300 2741 1332 2800; x_wconf 91' lang='lat' dir='ltr'><strong>et</strong></span> <span class='ocrx_word' id='word_1_146' title='bbox 1355 2737 1497 2800; x_wconf 90' lang='lat' dir='ltr'><strong>numinis</strong></span> 
     </span>
     <span class='ocr_line' id='line_1_20' title="bbox 404 2853 1496 2941; baseline 0.003 -24"><span class='ocrx_word' id='word_1_147' title='bbox 404 2856 515 2939; x_wconf 86' lang='lat' dir='ltr'><strong>magni</strong></span> <span class='ocrx_word' id='word_1_148' title='bbox 546 2853 649 2920; x_wconf 88' lang='lat' dir='ltr'><strong>cultor</strong></span> <span class='ocrx_word' id='word_1_149' title='bbox 678 2856 931 2941; x_wconf 89' lang='lat' dir='ltr'><strong>inseparabilis&#39;’.</strong></span> <span class='ocrx_word' id='word_1_150' title='bbox 968 2857 1054 2936; x_wconf 75' lang='lat' dir='ltr'><strong>Quae</strong></span> <span class='ocrx_word' id='word_1_151' title='bbox 1085 2859 1191 2922; x_wconf 88' lang='lat' dir='ltr'><strong>omnia</strong></span> <span class='ocrx_word' id='word_1_152' title='bbox 1218 2862 1249 2922; x_wconf 91' lang='lat' dir='ltr'><strong>et</strong></span> <span class='ocrx_word' id='word_1_153' title='bbox 1273 2859 1418 2921; x_wconf 90' lang='lat' dir='ltr'><strong>animum</strong></span> <span class='ocrx_word' id='word_1_154' title='bbox 1441 2858 1496 2921; x_wconf 91' lang='lat' dir='ltr'><strong>ini-</strong></span> 
     </span>
     <span class='ocr_line' id='line_1_21' title="bbox 403 2975 1496 3063; baseline 0.004 -25"><span class='ocrx_word' id='word_1_155' title='bbox 403 2976 506 3040; x_wconf 90' lang='lat' dir='ltr'><strong>tiandi</strong></span> <span class='ocrx_word' id='word_1_156' title='bbox 529 2979 646 3042; x_wconf 91' lang='lat' dir='ltr'><strong>sensim</strong></span> <span class='ocrx_word' id='word_1_157' title='bbox 665 2980 885 3056; x_wconf 89' lang='grc'><strong>66666661666,</strong></span> <span class='ocrx_word' id='word_1_158' title='bbox 906 2984 937 3044; x_wconf 89' lang='grc'><strong>61</strong></span> <span class='ocrx_word' id='word_1_159' title='bbox 959 2978 1200 3063; x_wconf 79' lang='lat' dir='ltr'><strong>„phantasiam”</strong></span> <span class='ocrx_word' id='word_1_160' title='bbox 1220 2980 1310 3042; x_wconf 90' lang='lat' dir='ltr'><strong>cuius</strong></span> <span class='ocrx_word' id='word_1_161' title='bbox 1330 2979 1365 3041; x_wconf 89' lang='lat' dir='ltr'><strong>in</strong></span> <span class='ocrx_word' id='word_1_162' title='bbox 1386 2975 1496 3042; x_wconf 70' lang='lat' dir='ltr'><strong>incrd-</strong></span> 
     </span>
     <span class='ocr_line' id='line_1_22' title="bbox 404 3100 1494 3186; baseline 0.005 -26"><span class='ocrx_word' id='word_1_163' title='bbox 404 3121 449 3160; x_wconf 79' lang='grc' dir='ltr'><strong>σει</strong></span> <span class='ocrx_word' id='word_1_164' title='bbox 477 3119 541 3162; x_wconf 91' lang='grc'><strong>666</strong></span> <span class='ocrx_word' id='word_1_165' title='bbox 564 3100 718 3165; x_wconf 89' lang='lat' dir='ltr'><strong>minimae</strong></span> <span class='ocrx_word' id='word_1_166' title='bbox 742 3105 818 3166; x_wconf 89' lang='lat' dir='ltr'><strong>sunt</strong></span> <span class='ocrx_word' id='word_1_167' title='bbox 840 3105 954 3186; x_wconf 85' lang='lat' dir='ltr'><strong>partas,</strong></span> <span class='ocrx_word' id='word_1_168' title='bbox 980 3101 1100 3164; x_wconf 89' lang='lat' dir='ltr'><strong>mirum</strong></span> <span class='ocrx_word' id='word_1_169' title='bbox 1122 3102 1156 3164; x_wconf 91' lang='lat' dir='ltr'><strong>in</strong></span> <span class='ocrx_word' id='word_1_170' title='bbox 1180 3100 1313 3165; x_wconf 90' lang='lat' dir='ltr'><strong>modum</strong></span> <span class='ocrx_word' id='word_1_171' title='bbox 1336 3102 1494 3179; x_wconf 88' lang='lat' dir='ltr'><strong>incitasse,</strong></span> 
     </span>
     <span class='ocr_line' id='line_1_23' title="bbox 403 3219 1496 3308; baseline 0.004 -26"><span class='ocrx_word' id='word_1_172' title='bbox 403 3240 467 3284; x_wconf 91' lang='grc'><strong>666</strong></span> <span class='ocrx_word' id='word_1_173' title='bbox 503 3225 551 3284; x_wconf 87' lang='grc'><strong>661</strong></span> <span class='ocrx_word' id='word_1_174' title='bbox 581 3220 665 3304; x_wconf 92' lang='lat' dir='ltr'><strong>quod</strong></span> <span class='ocrx_word' id='word_1_175' title='bbox 695 3223 730 3284; x_wconf 91' lang='grc'><strong>16</strong></span> <span class='ocrx_word' id='word_1_176' title='bbox 761 3222 895 3286; x_wconf 90' lang='lat' dir='ltr'><strong>dubium</strong></span> <span class='ocrx_word' id='word_1_177' title='bbox 926 3219 1126 3303; x_wconf 60' lang='lat' dir='ltr'><strong>vocemusi).</strong></span> <span class='ocrx_word' id='word_1_178' title='bbox 1170 3221 1290 3301; x_wconf 78' lang='lat' dir='ltr'><strong>Quodsi</strong></span> <span class='ocrx_word' id='word_1_179' title='bbox 1320 3223 1496 3308; x_wconf 87' lang='lat' dir='ltr'><strong>Apuleium</strong></span> 
     </span>
     <span class='ocr_line' id='line_1_24' title="bbox 405 3343 1497 3431; baseline 0.004 -25"><span class='ocrx_word' id='word_1_180' title='bbox 405 3363 490 3407; x_wconf 87' lang='lat' dir='ltr'><strong>sacra</strong></span> <span class='ocrx_word' id='word_1_181' title='bbox 529 3343 564 3406; x_wconf 91' lang='lat' dir='ltr'><strong>in</strong></span> <span class='ocrx_word' id='word_1_182' title='bbox 598 3347 689 3408; x_wconf 90' lang='grc'><strong>66616</strong></span> <span class='ocrx_word' id='word_1_183' title='bbox 724 3345 809 3410; x_wconf 88' lang='grc'><strong>16166</strong></span> <span class='ocrx_word' id='word_1_184' title='bbox 842 3344 921 3411; x_wconf 88' lang='grc'><strong>61166</strong></span> <span class='ocrx_word' id='word_1_185' title='bbox 957 3347 1162 3410; x_wconf 88' lang='lat' dir='ltr'><strong>caerimonias</strong></span> <span class='ocrx_word' id='word_1_186' title='bbox 1197 3383 1239 3396; x_wconf 90' lang='lat'>-</span> <span class='ocrx_word' id='word_1_187' title='bbox 1275 3366 1377 3431; x_wconf 89' lang='lat' dir='ltr'><strong>neque</strong></span> <span class='ocrx_word' id='word_1_188' title='bbox 1410 3347 1497 3410; x_wconf 90' lang='lat' dir='ltr'><strong>enim</strong></span> 
     </span>
    </p>
   </div>
   <div class='ocr_carea' id='block_1_5' title="bbox 400 3633 1547 4528">
    <p class='ocr_par' dir='ltr' id='par_1_5' title="bbox 402 3633 1498 4027">
     <span class='ocr_line' id='line_1_25' title="bbox 438 3633 1497 3700; baseline 0.002 -18"><span class='ocrx_word' id='word_1_189' title='bbox 438 3635 461 3696; x_wconf 87' lang='lat'><strong>1)</strong></span> <span class='ocrx_word' id='word_1_190' title='bbox 485 3634 604 3700; x_wconf 83' lang='lat' dir='ltr'><strong>Apuleius</strong></span> <span class='ocrx_word' id='word_1_191' title='bbox 627 3639 683 3684; x_wconf 88' lang='grc'><strong>6616</strong></span> <span class='ocrx_word' id='word_1_192' title='bbox 705 3633 870 3684; x_wconf 79' lang='lat' dir='ltr'><strong>initiationem</strong></span> <span class='ocrx_word' id='word_1_193' title='bbox 893 3633 999 3699; x_wconf 87' lang='lat' dir='ltr'><strong>primum</strong></span> <span class='ocrx_word' id='word_1_194' title='bbox 1022 3640 1107 3694; x_wconf 83' lang='lat' dir='ltr'><strong>„sueto</strong></span> <span class='ocrx_word' id='word_1_195' title='bbox 1129 3635 1243 3686; x_wconf 88' lang='grc'><strong>1666666”</strong></span> <span class='ocrx_word' id='word_1_196' title='bbox 1265 3635 1377 3696; x_wconf 91' lang='grc'><strong>16611166,</strong></span> <span class='ocrx_word' id='word_1_197' title='bbox 1395 3635 1464 3700; x_wconf 88' lang='lat' dir='ltr'><strong>eique</strong></span> <span class='ocrx_word' id='word_1_198' title='bbox 1482 3653 1497 3684; x_wconf 97' lang='grc'><strong>6</strong></span> 
     </span>
     <span class='ocr_line' id='line_1_26' title="bbox 404 3716 1498 3782; baseline 0.001 -16"><span class='ocrx_word' id='word_1_199' title='bbox 404 3717 527 3766; x_wconf 87' lang='lat' dir='ltr'><strong>sacerdote</strong></span> <span class='ocrx_word' id='word_1_200' title='bbox 550 3717 698 3782; x_wconf 80' lang='lat' dir='ltr'><strong>praecipitur</strong></span> <span class='ocrx_word' id='word_1_201' title='bbox 720 3717 818 3776; x_wconf 85' lang='grc'><strong>,166666</strong></span> <span class='ocrx_word' id='word_1_202' title='bbox 836 3716 957 3766; x_wconf 84' lang='lat' dir='ltr'><strong>continuis</strong></span> <span class='ocrx_word' id='word_1_203' title='bbox 976 3717 1027 3766; x_wconf 89' lang='lat' dir='ltr'><strong>illis</strong></span> <span class='ocrx_word' id='word_1_204' title='bbox 1043 3721 1085 3780; x_wconf 86' lang='lat' dir='ltr'><strong>(sc.</strong></span> <span class='ocrx_word' id='word_1_205' title='bbox 1103 3723 1159 3767; x_wconf 86' lang='grc'><strong>6616</strong></span> <span class='ocrx_word' id='word_1_206' title='bbox 1176 3718 1347 3780; x_wconf 84' lang='grc'><strong>161116116666)</strong></span> <span class='ocrx_word' id='word_1_207' title='bbox 1365 3719 1449 3768; x_wconf 87' lang='lat' dir='ltr'><strong>diebus</strong></span> <span class='ocrx_word' id='word_1_208' title='bbox 1466 3719 1498 3767; x_wconf 90' lang='grc'><strong>61-</strong></span> 
     </span>
     <span class='ocr_line' id='line_1_27' title="bbox 403 3800 1496 3865; baseline 0.002 -17"><span class='ocrx_word' id='word_1_209' title='bbox 403 3800 497 3849; x_wconf 83' lang='lat' dir='ltr'><strong>bariam</strong></span> <span class='ocrx_word' id='word_1_210' title='bbox 520 3801 671 3865; x_wconf 87' lang='lat' dir='ltr'><strong>voluptatem</strong></span> <span class='ocrx_word' id='word_1_211' title='bbox 694 3800 829 3849; x_wconf 85' lang='lat' dir='ltr'><strong>coherceret</strong></span> <span class='ocrx_word' id='word_1_212' title='bbox 850 3815 928 3865; x_wconf 90' lang='lat' dir='ltr'><strong>neque</strong></span> <span class='ocrx_word' id='word_1_213' title='bbox 949 3800 1029 3849; x_wconf 88' lang='lat' dir='ltr'><strong>ullum</strong></span> <span class='ocrx_word' id='word_1_214' title='bbox 1053 3801 1145 3849; x_wconf 83' lang='grc'><strong>6616661</strong></span> <span class='ocrx_word' id='word_1_215' title='bbox 1168 3801 1392 3850; x_wconf 88' lang='grc'><strong>666616116616166</strong></span> <span class='ocrx_word' id='word_1_216' title='bbox 1410 3801 1496 3861; x_wconf 85' lang='grc'><strong>66661”,</strong></span> 
     </span>
     <span class='ocr_line' id='line_1_28' title="bbox 402 3881 1496 3949; baseline 0.002 -19"><span class='ocrx_word' id='word_1_217' title='bbox 402 3882 462 3932; x_wconf 87' lang='grc' dir='ltr'><strong>Μ61.</strong></span> <span class='ocrx_word' id='word_1_218' title='bbox 487 3883 531 3942; x_wconf 87' lang='lat' dir='ltr'><strong>XI,</strong></span> <span class='ocrx_word' id='word_1_219' title='bbox 556 3883 588 3931; x_wconf 80' lang='grc'><strong>113</strong></span> <span class='ocrx_word' id='word_1_220' title='bbox 614 3899 685 3948; x_wconf 90' lang='lat' dir='ltr'><strong>quem</strong></span> <span class='ocrx_word' id='word_1_221' title='bbox 706 3882 788 3932; x_wconf 90' lang='lat' dir='ltr'><strong>locum</strong></span> <span class='ocrx_word' id='word_1_222' title='bbox 811 3884 853 3944; x_wconf 80' lang='lat'><strong>§9</strong></span> <span class='ocrx_word' id='word_1_223' title='bbox 877 3899 901 3946; x_wconf 92' lang='lat' dir='ltr'><strong>p.</strong></span> <span class='ocrx_word' id='word_1_224' title='bbox 926 3881 957 3935; x_wconf 80' lang='grc'><strong>87</strong></span> <span class='ocrx_word' id='word_1_225' title='bbox 981 3899 1016 3947; x_wconf 87' lang='lat' dir='ltr'><strong>sq.</strong></span> <span class='ocrx_word' id='word_1_226' title='bbox 1042 3883 1178 3933; x_wconf 83' lang='grc'><strong>6116116666.</strong></span> <span class='ocrx_word' id='word_1_227' title='bbox 1204 3883 1237 3932; x_wconf 78' lang='lat' dir='ltr'><strong>Et</strong></span> <span class='ocrx_word' id='word_1_228' title='bbox 1259 3883 1285 3933; x_wconf 89' lang='grc'><strong>16</strong></span> <span class='ocrx_word' id='word_1_229' title='bbox 1302 3883 1358 3932; x_wconf 87' lang='grc'><strong>61116</strong></span> <span class='ocrx_word' id='word_1_230' title='bbox 1375 3884 1496 3949; x_wconf 86' lang='lat' dir='ltr'><strong>mysteriis</strong></span> 
     </span>
     <span class='ocr_line' id='line_1_29' title="bbox 402 3964 1041 4027; baseline 0.002 -14"><span class='ocrx_word' id='word_1_231' title='bbox 402 3965 486 4014; x_wconf 87' lang='grc'><strong>661666</strong></span> <span class='ocrx_word' id='word_1_232' title='bbox 503 3966 552 4014; x_wconf 87' lang='grc'><strong>1666</strong></span> <span class='ocrx_word' id='word_1_233' title='bbox 569 3981 676 4014; x_wconf 82' lang='lat' dir='ltr'><strong>servasse</strong></span> <span class='ocrx_word' id='word_1_234' title='bbox 693 3965 832 4023; x_wconf 82' lang='lat' dir='ltr'><strong>initiandos,</strong></span> <span class='ocrx_word' id='word_1_235' title='bbox 851 3968 862 4027; x_wconf 83' lang='lat'>§</span> <span class='ocrx_word' id='word_1_236' title='bbox 880 3965 912 4013; x_wconf 81' lang='lat'><strong>14</strong></span> <span class='ocrx_word' id='word_1_237' title='bbox 928 3964 1041 4014; x_wconf 87' lang='lat' dir='ltr'><strong>vidimus.</strong></span> 
     </span>
    </p>

    <p class='ocr_par' dir='ltr' id='par_1_6' title="bbox 400 4046 1547 4528">
     <span class='ocr_line' id='line_1_30' title="bbox 436 4046 1494 4113; baseline 0.005 -18"><span class='ocrx_word' id='word_1_238' title='bbox 436 4047 461 4108; x_wconf 80' lang='lat'><strong>2)</strong></span> <span class='ocrx_word' id='word_1_239' title='bbox 483 4046 521 4095; x_wconf 85' lang='lat' dir='ltr'><strong>cf.</strong></span> <span class='ocrx_word' id='word_1_240' title='bbox 544 4047 657 4108; x_wconf 73' lang='lat' dir='ltr'><strong>Lauare,</strong></span> <span class='ocrx_word' id='word_1_241' title='bbox 680 4047 745 4096; x_wconf 89' lang='lat' dir='ltr'><strong>Hist.</strong></span> <span class='ocrx_word' id='word_1_242' title='bbox 767 4047 789 4096; x_wconf 92' lang='grc'><strong>1.</strong></span> <span class='ocrx_word' id='word_1_243' title='bbox 813 4047 872 4097; x_wconf 89' lang='grc'><strong>6611.</strong></span> <span class='ocrx_word' id='word_1_244' title='bbox 895 4047 936 4096; x_wconf 89' lang='grc'><strong>166</strong></span> <span class='ocrx_word' id='word_1_245' title='bbox 955 4047 1004 4097; x_wconf 83' lang='lat' dir='ltr'><strong>div.</strong></span> <span class='ocrx_word' id='word_1_246' title='bbox 1023 4047 1117 4098; x_wconf 83' lang='lat' dir='ltr'><strong>d&#39;Alex.</strong></span> <span class='ocrx_word' id='word_1_247' title='bbox 1134 4064 1158 4113; x_wconf 92' lang='lat' dir='ltr'><strong>p.</strong></span> <span class='ocrx_word' id='word_1_248' title='bbox 1178 4048 1237 4099; x_wconf 72' lang='lat'>112:</span> <span class='ocrx_word' id='word_1_249' title='bbox 1257 4049 1318 4109; x_wconf 83' lang='lat' dir='ltr'><strong>„Ces</strong></span> <span class='ocrx_word' id='word_1_250' title='bbox 1335 4049 1494 4112; x_wconf 75' lang='lat' dir='ltr'><strong>abstinentes,</strong></span> 
     </span>
     <span class='ocr_line' id='line_1_31' title="bbox 400 4128 1547 4197; baseline 0.005 -20"><span class='ocrx_word' id='word_1_251' title='bbox 400 4129 489 4193; x_wconf 86' lang='lat' dir='ltr'><strong>jointee</strong></span> <span class='ocrx_word' id='word_1_252' title='bbox 507 4128 522 4178; x_wconf 81' lang='grc'><strong>1</strong></span> <span class='ocrx_word' id='word_1_253' title='bbox 538 4131 609 4180; x_wconf 74' lang='lat' dir='ltr'><strong>l&#39;stat</strong></span> <span class='ocrx_word' id='word_1_254' title='bbox 626 4131 655 4179; x_wconf 90' lang='lat' dir='ltr'><strong>de</strong></span> <span class='ocrx_word' id='word_1_255' title='bbox 674 4131 864 4195; x_wconf 84' lang='lat' dir='ltr'><strong>contemplation</strong></span> <span class='ocrx_word' id='word_1_256' title='bbox 883 4131 942 4180; x_wconf 87' lang='grc'><strong>1666</strong></span> <span class='ocrx_word' id='word_1_257' title='bbox 958 4131 1038 4195; x_wconf 89' lang='lat' dir='ltr'><strong>lequel</strong></span> <span class='ocrx_word' id='word_1_258' title='bbox 1056 4131 1079 4180; x_wconf 91' lang='grc'><strong>16</strong></span> <span class='ocrx_word' id='word_1_259' title='bbox 1095 4129 1215 4197; x_wconf 74' lang='lat' dir='ltr'><strong>neophyto</strong></span> <span class='ocrx_word' id='word_1_260' title='bbox 1232 4149 1247 4181; x_wconf 83' lang='grc'><strong>6</strong></span> <span class='ocrx_word' id='word_1_261' title='bbox 1263 4131 1324 4182; x_wconf 73' lang='grc'><strong>6166</strong></span> <span class='ocrx_word' id='word_1_262' title='bbox 1341 4150 1373 4182; x_wconf 88' lang='grc'><strong>66</strong></span> <span class='ocrx_word' id='word_1_263' title='bbox 1388 4134 1446 4182; x_wconf 85' lang='grc'><strong>1661</strong></span> <span class='ocrx_word' id='word_1_264' title='bbox 1461 4134 1494 4183; x_wconf 88' lang='grc'><strong>16</strong></span> <span class='ocrx_word' id='word_1_265' title='bbox 1533 4141 1547 4146; x_wconf 76' lang='grc'><em>”</em></span> 
     </span>
     <span class='ocr_line' id='line_1_32' title="bbox 401 4211 1496 4281; baseline 0.005 -20"><span class='ocrx_word' id='word_1_266' title='bbox 401 4212 501 4276; x_wconf 86' lang='lat' dir='ltr'><strong>temple,</strong></span> <span class='ocrx_word' id='word_1_267' title='bbox 524 4211 592 4277; x_wconf 67' lang='lat' dir='ltr'><strong>privs</strong></span> <span class='ocrx_word' id='word_1_268' title='bbox 610 4213 643 4262; x_wconf 91' lang='grc'><strong>16</strong></span> <span class='ocrx_word' id='word_1_269' title='bbox 661 4228 793 4262; x_wconf 85' lang='grc'><strong>6666666666</strong></span> <span class='ocrx_word' id='word_1_270' title='bbox 811 4213 852 4262; x_wconf 89' lang='grc'><strong>166</strong></span> <span class='ocrx_word' id='word_1_271' title='bbox 869 4213 977 4262; x_wconf 86' lang='lat' dir='ltr'><strong>hommes</strong></span> <span class='ocrx_word' id='word_1_272' title='bbox 996 4220 1020 4263; x_wconf 92' lang='grc'><strong>61</strong></span> <span class='ocrx_word' id='word_1_273' title='bbox 1037 4213 1129 4263; x_wconf 73' lang='lat' dir='ltr'><strong>contine</strong></span> <span class='ocrx_word' id='word_1_274' title='bbox 1148 4231 1178 4263; x_wconf 91' lang='grc'><strong>66</strong></span> <span class='ocrx_word' id='word_1_275' title='bbox 1195 4215 1298 4281; x_wconf 87' lang='lat' dir='ltr'><strong>quelque</strong></span> <span class='ocrx_word' id='word_1_276' title='bbox 1315 4223 1379 4266; x_wconf 85' lang='lat' dir='ltr'><strong>sorte</strong></span> <span class='ocrx_word' id='word_1_277' title='bbox 1396 4216 1455 4266; x_wconf 87' lang='grc'><strong>1666</strong></span> <span class='ocrx_word' id='word_1_278' title='bbox 1473 4217 1496 4266; x_wconf 94' lang='grc'><strong>16</strong></span> 
     </span>
     <span class='ocr_line' id='line_1_33' title="bbox 402 4294 1497 4364; baseline 0.005 -20"><span class='ocrx_word' id='word_1_279' title='bbox 402 4294 514 4344; x_wconf 77' lang='lat' dir='ltr'><strong>domnine</strong></span> <span class='ocrx_word' id='word_1_280' title='bbox 533 4296 574 4344; x_wconf 87' lang='lat' dir='ltr'><strong>des</strong></span> <span class='ocrx_word' id='word_1_281' title='bbox 591 4295 674 4344; x_wconf 87' lang='lat' dir='ltr'><strong>choses</strong></span> <span class='ocrx_word' id='word_1_282' title='bbox 692 4295 792 4354; x_wconf 84' lang='lat' dir='ltr'><strong>saintes,</strong></span> <span class='ocrx_word' id='word_1_283' title='bbox 809 4295 871 4344; x_wconf 77' lang='grc'><strong>1661</strong></span> <span class='ocrx_word' id='word_1_284' title='bbox 888 4294 972 4345; x_wconf 74' lang='lat' dir='ltr'><strong>emend</strong></span> <span class='ocrx_word' id='word_1_285' title='bbox 989 4296 1003 4344; x_wconf 85' lang='grc'><strong>1</strong></span> <span class='ocrx_word' id='word_1_286' title='bbox 1020 4313 1066 4345; x_wconf 86' lang='grc'><strong>666</strong></span> <span class='ocrx_word' id='word_1_287' title='bbox 1082 4297 1187 4346; x_wconf 89' lang='grc'><strong>66616166</strong></span> <span class='ocrx_word' id='word_1_288' title='bbox 1203 4299 1336 4349; x_wconf 79' lang='grc'><strong>6661161166</strong></span> <span class='ocrx_word' id='word_1_289' title='bbox 1354 4299 1437 4359; x_wconf 90' lang='grc'><strong>16666,</strong></span> <span class='ocrx_word' id='word_1_290' title='bbox 1456 4300 1497 4364; x_wconf 88' lang='lat' dir='ltr'><strong>qui</strong></span> 
     </span>
     <span class='ocr_line' id='line_1_34' title="bbox 401 4377 1496 4448; baseline 0.005 -22"><span class='ocrx_word' id='word_1_291' title='bbox 401 4377 494 4442; x_wconf 79' lang='lat' dir='ltr'><strong>change</strong></span> <span class='ocrx_word' id='word_1_292' title='bbox 518 4394 548 4426; x_wconf 89' lang='grc'><strong>66</strong></span> <span class='ocrx_word' id='word_1_293' title='bbox 570 4393 655 4427; x_wconf 87' lang='lat' dir='ltr'><strong>amour</strong></span> <span class='ocrx_word' id='word_1_294' title='bbox 677 4377 701 4427; x_wconf 93' lang='grc'><strong>16</strong></span> <span class='ocrx_word' id='word_1_295' title='bbox 723 4383 816 4442; x_wconf 86' lang='lat' dir='ltr'><strong>respect</strong></span> <span class='ocrx_word' id='word_1_296' title='bbox 840 4393 885 4442; x_wconf 89' lang='lat' dir='ltr'><strong>qne</strong></span> <span class='ocrx_word' id='word_1_297' title='bbox 906 4377 942 4427; x_wconf 90' lang='grc'><strong>161</strong></span> <span class='ocrx_word' id='word_1_298' title='bbox 958 4378 1071 4444; x_wconf 84' lang='lat' dir='ltr'><strong>inspirait</strong></span> <span class='ocrx_word' id='word_1_299' title='bbox 1086 4380 1112 4429; x_wconf 89' lang='grc'><strong>16</strong></span> <span class='ocrx_word' id='word_1_300' title='bbox 1130 4380 1245 4441; x_wconf 75' lang='grc' dir='ltr'><strong>1161611έ;</strong></span> <span class='ocrx_word' id='word_1_301' title='bbox 1263 4382 1309 4432; x_wconf 87' lang='grc'><strong>1616</strong></span> <span class='ocrx_word' id='word_1_302' title='bbox 1329 4388 1366 4432; x_wconf 88' lang='grc'><strong>661</strong></span> <span class='ocrx_word' id='word_1_303' title='bbox 1382 4397 1443 4448; x_wconf 88' lang='lat' dir='ltr'><strong>pour</strong></span> <span class='ocrx_word' id='word_1_304' title='bbox 1459 4382 1496 4432; x_wconf 89' lang='lat' dir='ltr'><strong>lui</strong></span> 
     </span>
     <span class='ocr_line' id='line_1_35' title="bbox 401 4461 1232 4528; baseline 0.007 -18"><span class='ocrx_word' id='word_1_305' title='bbox 401 4476 448 4510; x_wconf 88' lang='lat' dir='ltr'><strong>une</strong></span> <span class='ocrx_word' id='word_1_306' title='bbox 466 4476 596 4528; x_wconf 78' lang='lat' dir='ltr'><strong>compagae</strong></span> <span class='ocrx_word' id='word_1_307' title='bbox 613 4461 715 4511; x_wconf 91' lang='grc'><strong>166116</strong></span> <span class='ocrx_word' id='word_1_308' title='bbox 732 4477 780 4510; x_wconf 88' lang='grc'><strong>666</strong></span> <span class='ocrx_word' id='word_1_309' title='bbox 798 4461 863 4510; x_wconf 90' lang='lat' dir='ltr'><strong>suffit</strong></span> <span class='ocrx_word' id='word_1_310' title='bbox 880 4476 942 4525; x_wconf 87' lang='lat' dir='ltr'><strong>pour</strong></span> <span class='ocrx_word' id='word_1_311' title='bbox 958 4462 982 4512; x_wconf 93' lang='grc'><strong>16</strong></span> <span class='ocrx_word' id='word_1_312' title='bbox 998 4462 1063 4513; x_wconf 87' lang='grc'><strong>66616</strong></span> <span class='ocrx_word' id='word_1_313' title='bbox 1081 4481 1110 4513; x_wconf 88' lang='grc'><strong>66</strong></span> <span class='ocrx_word' id='word_1_314' title='bbox 1127 4465 1232 4516; x_wconf 75' lang='grc'><strong>661666”.</strong></span> 
     </span>
    </p>
   </div>
   <div class='ocr_carea' id='block_1_6' title="bbox 0 0 1680 5264">
    <p class='ocr_par' dir='ltr' id='par_1_7' title="bbox 0 0 1680 5264">
     <span class='ocr_line' id='line_1_36' title="bbox 0 0 1680 5264; baseline 0 1"><span class='ocrx_word' id='word_1_315' title='bbox 0 0 1680 5264; x_wconf 95' lang='lat' dir='ltr'><strong> </strong></span> 
     </span>
    </p>
   </div>
  </div>
 </body>
</html>
