3350 5264
710 491 750 556 91

189 677 222 737 et
244 673 303 738 hau
324 629 393 758 ipsa
414 675 447 737 in
470 673 667 760 paragrapho
689 694 783 758 supra
807 672 958 751 vidimus,
977 675 1122 759 ipsorum
1142 673 1274 738 deorum

189 800 236 860 est
249 793 414 881 adapertus
430 791 452 876 ¹)
468 797 502 858 in
519 796 740 860 secretioribus
757 797 955 860 caerimoniis
963 816 972 874 ;
992 794 1152 875 κοινότεραι
1165 801 1274 861 eontra

188 916 281 995 εὐχαί
312 916 351 982 ad
382 913 507 981 cultum
538 915 706 1000 publicum
729 915 911 981 referendae
932 921 1016 1002 sunt.
1050 915 1089 980 In
1110 920 1275 1003 mysteriis

186 1039 289 1124 igitur
310 1039 396 1122 ipsos
418 1037 491 1101 deos
513 1039 650 1101 initiatis
674 1057 740 1102 sese
761 1037 977 1122 adspiciendos
996 1038 1178 1122 praebuisse
1196 1040 1276 1105 indi-

187 1165 237 1224 oat
269 1161 403 1245 scriptor
433 1181 541 1224 rerum
563 1159 807 1247 theurgioarum
829 1180 864 1224 ao
887 1162 1101 1246 mystioarum
1123 1162 1277 1246 peritissi-

189 1301 270 1345 mus.
317 1279 354 1343 In
388 1281 533 1364 proxima
567 1283 718 1345 sectione,
739 1280 919 1367 Porphyrio
952 1283 1115 1367 respondit
1149 1284 1275 1368 roganti

190 1400 348 1486 quomodo
371 1401 515 1466 homines
531 1400 602 1465 vdiis
623 1404 744 1486 possint
768 1404 974 1482 nominari,¹
988 1403 1027 1468 of.
1048 1404 1164 1488 Porph.
1184 1406 1277 1489 epist.

192 1543 210 1587 a
240 1519 338 1588 Galea
367 1520 484 1601 refiota,
517 1521 593 1587 3021v
609 1524 714 1616 πολλῷ
747 1521 779 1586 δὲ
809 1525 923 1588 τούτων
952 1525 1151 1603 ἀλογώτερον,
1175 1523 1209 1588 τὸ
1233 1524 1277 1602 μη

192 1643 318 1722 δαίμονι,
352 1644 377 1707 εί
408 1641 508 1722 τύχοι,
542 1642 559 1716 ἢ
592 1647 682 1725 ψυχῇ
713 1642 898 1723 τεόνηιιότος,
923 1647 1006 1724 αὐτῷ
1031 1645 1061 1710 δὲ
1086 1648 1127 1726 τῷ
1150 1645 1281 1722 βασιλεῖ

194 1765 287 1845 Ἦλίῳ
319 1766 336 1840 ἢ
370 1765 487 1848 Σελήνη
519 1765 536 1841 ἥ
568 1788 623 1830 τινι
655 1768 713 1830 τῶν
744 1764 816 1829 κατ’
840 1766 969 1852 οὐρανόν,
993 1763 1143 1846 ἀνόρυπον
1165 1769 1206 1848 τῷ
1230 1789 1280 1831 τυ-

190 1887 279 1970 χόντι
312 1886 481 1968 ὑποχείριον
504 1888 639 1960 ἀπειλάς
662 1888 871 1969 προσφέροντα
895 1888 1052 1970 ἐκφοβεῖν,
1084 1888 1278 1968 ψευδόμενον,

192 2005 228 2074 ἵν’
259 2009 361 2074 ἐκεῖνοι
393 2015 449 2090 (se.
481 2009 506 2073 οί
537 2009 613 2095 troii
640 2009 838 2087 dentationum.
870 2011 904 2076 τὸ
934 2011 997 2092 γάρ
1020 2011 1135 2090 λέγειν,
1159 2005 1206 2076 ότι
1228 2013 1279 2078 τόν

192 2131 312 2214 οὐρανόν
342 2129 524 2211 προσαράξει
556 2132 606 2196 καί
638 2132 680 2197 τά
712 2134 834 2213 κρυπτά
865 2140 919 2206 τῆς
940 2135 1049 2207 Ἴσιδος
1075 2135 1207 2214 ἐκφανεῖ
1227 2133 1279 2199 καί

193 2253 227 2318 τό
259 2253 288 2316 ἕν
314 2251 438 2332 Ἀβύδῳ
462 2251 626 2332 ἀπόρρητον
649 2252 738 2332 δείξει
763 2254 815 2319 aa}
838 2255 892 2328 την
917 2254 1009 2334 βάριν
1031 2255 1135 2329 στνίσει
1160 2255 1211 2320 καί
1237 2255 1280 2320 τά

193 2372 273 2450 μέλη
297 2378 350 2438 τοῦ
373 2373 520 2452 Ὀσίριδος
542 2373 736 2439 διασκεδάσει
760 2377 800 2456 τῷ
825 2381 962 2455 Τυφῶνι,
986 2377 1056 2441 τίνα
1075 2378 1135 2456 οὐχ
1156 2375 1280 2456 ὑπερβο·

194 2495 249 2567 λίην
274 2493 449 2571 ἐμπληξίας
472 2495 529 2570 μὲν
551 2495 593 2593 τῷ
616 2495 790 2561 ἀπειλοῦντι
816 2487 836 2563 ἀ,
861 2497 940 2573 μήτε
960 2493 1021 2561 εἶδε
1041 2498 1121 2574 μήτε
1142 2497 1281 2577 δύναται,

195 2616 391 2691 καταλείπει,
415 2614 629 2690 ταπεινότητος
653 2615 684 2680 δὲ
707 2625 770 2688 τοῖς
795 2615 953 2682 δεδωκόσιν
977 2617 1052 2684 οὕτω
1076 2618 1159 2684 κενόν
1182 2620 1282 2698 φόβον

195 2738 246 2803 καί
278 2737 468 2816 πλάσματα,
501 2738 539 2808 ἀς
571 2738 677 2819 κομιδῇ
709 2738 815 2803 παισίν
840 2741 995 2816 ἀνοητοιςς
1021 2739 1143 2818 Quibus
1167 2744 1212 2806 sio
1236 2762 1283 2806 oe·

195 2861 294 2924 ourrit
317 2858 505 2935 Abammon‚
530 2864 568 2923 ut
591 2859 748 2924 eiusmodi
770 2861 868 2924 minis
891 2882 952 2926 non
976 2861 1059 2940 deos,
1084 2863 1137 2928 sed
1159 2862 1287 2927 inferio-

194 2984 239 3047 ris
269 2985 397 3046 tantum
419 2980 537 3045 ordinis
561 2962 726 3046 daemones
749 2984 861 3046 terreri
884 2982 1028 3060 affirmet,
1053 2982 1105 3062 VI,
1131 2983 1170 3048 5:
1194 2987 1283 3048 τοῦτο

194 3105 229 3178 δη
261 3106 324 3167 πάν
355 3103 389 3166 τό
413 3097 488 3173 είδος
513 3108 571 3166 τῶν
594 3101 694 3180 λόγων
718 3104 788 3183 οὐχ,
813 3105 850 3177 ἀς
876 3103 912 3168 σὺ
937 3105 1077 3185 νομίζεις,
1103 3105 1175 3184 πρός
1202 3102 1282 3180 ἥλιον

196 3223 215 3298 ἢ
245 3223 371 3299 σελήνην
403 3222 420 3297 ἤ
444 3246 513 3286 τινα
535 3225 592 3288 τῶν
615 3222 686 3287 κατ’
710 3221 831 3302 οὐρανόν
854 3225 1104 3289 ε’πωνατείνονται
1129 3225 1155 3288 oi
1180 3222 1285 3315 ἀνθρω-

196 3369 245 3410 ποι
270 3343 328 3425 (ἔτι
352 3346 415 3426 γάρ
437 3342 475 3411 ἀν
499 3343 610 3422 συνέβη
635 3343 786 3426 δεινότεροι
806 3343 913 3411 ἀτοπα
937 3341 974 3412 ὧν
998 3346 1035 3411 σὺ
1059 3343 1284 3426 σχετλιάζεις),

196 3529 363 3542 ”-

231 3652 256 3715 1)
278 3651 315 3701 cf.
338 3656 362 3700 ot
385 3651 464 3714 ipsum
482 3649 658 3698 Abammonem
675 3647 709 3708 ΙΙ,
726 3651 742 3698 4
758 3651 791 3713 (p.
810 3647 840 3700 76
859 3665 894 3712 eq.
912 3649 949 3698 od.
967 3648 1068 3710 Partha,
1088 3647 1130 3697 nbi
1146 3650 1195 3696 τάν
1212 3645 1288 3696 αιἰτσ-

198 3739 278 3798 φανῶν
294 3730 453 3796 ἀγαλμάτων
470 3747 588 3797 quaenam
605 3731 638 3780 eit
655 3731 717 3780 ratio
735 3730 845 3794 exponit:
863 3727 947 3778 σιἰιιοῦν
965 3727 989 3778 ἐν
1012 3729 1057 3790 μίν
1080 3729 1137 3785 ταῖς
1160 3733 1209 3778 τῶν
1233 3729 1289 3778 trba

199 3815 334 3876 αὖτοψίαις
351 3811 516 3876 ἐναργέστερα
533 3812 575 3862 καί
591 3810 670 3869 αὐτῆς
688 3813 735 3869 τῆς
753 3810 868 3869 ἀληθείας
886 3810 972 3872 όράται
990 3811 1025 3859 ria
1042 3809 1165 3871 όεάματα,
1183 3810 1298 3875 ἀκριβῶς,

199 3915 229 3948 τε
247 3895 384 3957 διαλάμπει
402 3894 444 3944 καί
461 3893 620 3957 διηρθρωμένα
638 3897 757 3956 λαμπρῶς
774 3891 930 3955 ἐμφαίνεται·
953 3894 987 3942 rb
1006 3891 1033 3941 δὲ
1050 3897 1100 3941 raba
1117 3890 1289 3954 ἀρχαγγέλων

199 3979 277 4038 ἀληόῆ
294 3978 337 4028 καί
353 3977 441 4028 τέλεια
459 3979 587 4040 φαίνεται·
604 3979 639 4026 τὰ
657 3975 750 4026 serua
767 3974 884 4038 ἀγγέλων
901 3973 1019 4040 διασάζει
1035 3977 1079 4037 μὲν
1096 3976 1124 4024 τό
1139 3971 1203 4024 atre
1219 3971 1291 4034 εἶδος,

200 4062 264 4120 πλην
288 4060 378 4124 ἀφίησί
398 4079 425 4109 τι
449 4062 494 4118 τῆς
515 4061 675 4123 γνωριστικης
692 4055 896 4118 ἀποπληρώσεως.
915 4057 952 4107 cf.
970 4065 995 4108 et
1011 4058 1044 4108 ib.
1063 4058 1077 4112 7
1095 4061 1128 4123 (p.
1148 4058 1180 4106 88
1197 4074 1233 4123 sq.
1252 4058 1290 4107 ad.

200 4144 306 4210 Parthi:
328 4141 375 4190 Καί
394 4141 441 4203 μὴν
459 4144 504 4199 τῆς
519 4158 551 4204 γε
568 4140 668 4207 τάξεως,
686 4138 713 4196 iia
731 4141 757 4188 σί
771 4138 883 4201 ἀρώμενοι
900 4138 1000 4203 όχουσι,
1016 4141 1134 4204 γίγνεται
1151 4138 1252 4205 ’όνδειξις
1266 4143 1290 4188 ἐν

201 4228 258 4283 ταῖς
280 4222 422 4283 αὐτοψίαις,
445 4229 494 4272 τῶν
515 4223 559 4285 μὲν
577 4222 632 4271 tetta
649 4222 716 4279 όεοΰς
733 4220 748 4278 t
766 4219 894 4284 ἀγγέλους
913 4218 1022 4285 ἐχόντων
1040 4221 1095 4284 περί
1110 4221 1224 4281 ἑαυτούς,
1241 4226 1291 4270 τάν

201 4306 228 4357 δὲ
245 4304 415 4369 ἀρχαγγέλων
434 4305 593 4368 προπομποδς
608 4303 735 4368 ἀγγέλους
752 4302 767 4360 ἢ
784 4304 828 4351 σὺν
846 4301 945 4362 ἑαυτοῖς
963 4303 1180 4368 συντεταγμένους
1197 4304 1212 4362 t
1229 4321 1291 4353 κατ-

201 4391 254 4440 όπιν
280 4386 414 4449 ἑπομένους
439 4386 453 4445 ’ἦ
480 4387 558 4444 ἀλλην
585 4388 642 4436 raab
665 4385 808 4449 δορυφορίαν
834 4386 929 4444 πολλὴν
958 4385 1076 4450 ἀγγέλων
1106 4386 1160 4449 περί
1186 4383 1291 4444 ἑαυτοὺς

202 4469 418 4534 περιβαλλομένων
434 4480 491 4520 κτλ,
