3350 5264
917 446 960 512 86

330 667 339 674 -
393 652 460 698 esse
483 632 599 698 horum
622 633 791 718 geniorum
815 632 939 698 ordines
962 630 1143 696 statuebant
1157 628 1190 710 ¹).
1217 629 1382 696 Plotinum
1405 651 1481 697 voro

393 758 425 818 et
455 753 513 818 hac
543 755 578 817 in
609 773 642 818 re
671 737 766 839 longe
780 759 916 832 foetores
939 753 1142 822 antecessisse
1164 751 1261 816 refert
1282 752 1481 839 Porphyrius

393 872 568 959 discipulus
603 875 638 938 in
671 875 730 940 vit.
765 872 849 939 Plot.
888 867 1039 938 10:³r1v
1070 872 1133 951 γὰρ
1165 872 1216 936 καὶ
1249 875 1332 937 κατὰ
1364 874 1480 952 γένεσιν

393 995 484 1060 πλέον
508 1017 538 1059 τι
561 994 641 1074 ἔχων
665 995 751 1074 παρὰ
771 994 841 1067 τοὺς
866 993 979 1066 ἄλλους
1005 995 1018 1059 ὃ
1043 1000 1204 1076 Πλανκῖνος,
1228 993 1323 1079 idque
1346 997 1391 1059 sic
1412 1016 1481 1080 pro

392 1117 458 1195 bat,
481 1115 504 1181 1.
527 1114 569 1183 l.:
593 1116 766 1194 Αἰγύπτιος
791 1117 853 1201 γάρ
877 1141 923 1188 τις
949 1117 1043 1194 ἱερεὺς
1066 1115 1196 1180 ἀνελθὼν
1220 1116 1261 1186 εἷς
1285 1117 1340 1191 τὴν
1364 1116 1480 1194 Ῥώμην

392 1237 443 1302 καὶ
476 1236 526 1302 dcci
557 1261 634 1311 τινος
664 1237 759 1320 Φίλαν
790 1239 872 1319 αὐτῷ
903 1237 1084 1323 γνορνοθείς,
1116 1237 1207 1302 θέλων
1232 1261 1264 1302 τε
1290 1245 1344 1313 τῆς
1371 1238 1480 1304 ἑαυτοῦ

391 1358 506 1439 σοφίας
536 1358 689 1436 dediscite
716 1359 827 1438 δοῦναι,
853 1359 960 1438 ἠξίωσε
982 1358 1033 1424 τὸν
1056 1366 1208 1425 Πλατῑνον
1233 1357 1282 1424 ἐπὶ
1308 1357 1377 1424 θέαν
1401 1361 1479 1441 οὶφο-

391 1479 495 1544 esrem
519 1485 571 1546 τοῦ
596 1479 733 1554 συνόντος
758 1483 841 1562 αὐτῷ
864 1482 969 1547 οἰκεῖον
992 1480 1130 1556 δαίμονος
1155 1478 1353 1557 καλουμένου.
1372 1484 1425 1545 τοῦ
1446 1479 1478 1546 δὲ

391 1602 515 1680 ἑτοίμας
548 1602 775 1676 ὑπακούσαντος
805 1603 925 1680 γίνεται
956 1602 1013 1680 μὲν
1044 1603 1073 1665 ἐν
1104 1601 1146 1682 τῷ
1179 1600 1274 1680 'loric
1301 1602 1317 1674 ἡ
1350 1611 1477 1676 κλῆονο·

389 1722 477 1801 μα’νον
511 1722 573 1804 γὰρ
609 1724 718 1789 ἐκεῖνον
751 1725 801 1790 τὸν
836 1723 928 1789 τόπον
964 1720 1093 1804 καθαράν
1127 1729 1222 1804 φησιν
1253 1723 1346 1802 εὑρεῖν
1378 1723 1408 1786 ἒν
1438 1731 1477 1804 τῇ

389 1845 488 1928 Ῥώμῃ
518 1844 568 1910 τὸν
600 1846 781 1923 Αἰγύπτιον.
814 1845 964 1920 κληθέντα
995 1844 1026 1910 δὲ
1057 1845 1100 1917 εἷς
1125 1843 1316 1925 atrocum)
1340 1843 1390 1908 rto
1415 1844 1479 1910 ta!-

389 1989 478 2045 μονα,
503 1967 565 2031 θεὸν
590 1967 686 2030 ἐλθεῖν
710 1965 762 2032 καὶ
786 1968 830 2042 μὴ
853 1970 906 2031 τοῦ
930 1967 1077 2043 δαιμόνων
1100 1961 1176 2030 εἶναι
1200 1965 1315 2043 ytalos.
1338 1960 1401 2030 ὅθεν
1425 1963 1477 2029 τὸν

389 2087 559 2168 Αἰγύπτιον
588 2089 700 2153 εἰπεῖν·
724 2086 873 2167 μακάριον
897 2083 936 2165 εἷ,
960 2087 1021 2152 θεὸν
1045 2083 1125 2166 ἔχων
1148 2085 1198 2151 τὸν
1219 2085 1354 2164 δαίμονα,
1369 2085 1420 2150 καὶ
1442 2087 1474 2151 οὖ

390 2213 442 2276 τοῦ
482 2209 643 2289 ὑφειμένον
678 2207 782 2286 νένονο
819 2208 869 2273 τὸν
902 2207 1030 2273 τννὸντα
1061 2221 1131 2272 κτλ.
1166 2207 1235 2273 Ηοο
1265 2207 1478 2292 Porphyrius,

388 2330 520 2409 Plotini,
544 2336 582 2396 ut
605 2331 855 2408 observavimus,
880 2329 1065 2415 discipulus,
1089 2331 1225 2412 scriptor
1247 2327 1308 2393 fide
1328 2327 1413 2393 haud
1431 2330 1479 2392 in·

391 2453 517 2539 dignus,
541 2454 747 2538 veritatisque
770 2451 966 2539 indagandae
985 2453 1209 2538 sagacissimus
1222 2455 1258 2531 ³).
1283 2449 1357 2516 Sive
1376 2452 1479 2536 igitur

390 2572 499 2639 fraude
541 2575 785 2660 praestigiisque
818 2593 892 2639 usos
927 2593 993 2638 esse
1026 2572 1195 2658 theurgos,
1232 2574 1299 2638 sive
1332 2572 1480 2638 inanibus

390 2697 576 2780 semetipsos
612 2695 769 2780 decepisse
799 2695 1056 2782 cogitationibus,
1095 2697 1162 2760 sive
1200 2694 1354 2779 quidquid
1392 2692 1481 2758 aliud

391 2815 428 2880 de
460 2815 618 2881 eiusmodi
649 2821 771 2882 statuas
793 2817 1002 2894 caerimoniis,
1026 2816 1085 2880 hoc
1107 2813 1196 2878 nullo
1219 2813 1314 2879 modo
1337 2816 1370 2878 in
1394 2813 1483 2879 dubi-

390 2940 544 3004 tationem
574 2958 684 3014 ¹vocare
714 2938 760 3002 fas
791 2943 848 3020 est,
879 2939 957 3022 ipsis
987 2939 1021 3001 in
1051 2935 1196 3000 Isiacaeis
1219 2937 1394 3002 secerdotes
1418 2935 1479 3000 diis

390 3059 657 3145 daemonibusque
680 3059 843 3126 eliciendis
867 3079 995 3144 operam
1019 3057 1149 3122 dedisse.

435 3179 521 3260 Quae
544 3201 617 3244 oum
639 3183 685 3246 ita
708 3183 782 3259 sint,
805 3201 879 3245 cum
900 3181 1115 3266 Aegyptiacae
1133 3177 1283 3263 religioni
1302 3180 1479 3264 antiquitus

388 3305 506 3367 inesset
528 3304 647 3388 magia,
671 3323 807 3388 cumque
830 3300 1005 3366 sacerdotes
1029 3305 1061 3366 et
1082 3295 1312 3387 posterioribus
1331 3303 1482 3386 tempori-

390 3425 449 3489 bus
479 3425 620 3510 magioas
650 3423 790 3488 colerent
821 3420 1015 3508 disciplinas,
1048 3443 1205 3509 magnum
1235 3421 1376 3508 profecto
1398 3421 1481 3486 foret

390 3545 593 3623 miraculum,
628 3545 838 3629 omnibusque
868 3546 1004 3630 magicis
1035 3543 1216 3610 mirabilius
1246 3541 1419 3620 miraculis,
1453 3545 1481 3607 si

390 3671 493 3732 aetate
514 3669 717 3752 imperatoria
739 3669 773 3730 in
796 3668 1016 3731 sacratissimis
1039 3665 1132 3732 Isiaci
1155 3665 1262 3732 cultus
1281 3667 1479 3732 caerimoniis

388 3786 476 3853 locus
499 3788 628 3851 omnino
651 3784 760 3850 nullus
783 3785 897 3850 fuisset
920 3789 1057 3873 magiae.

433 3906 493 3972 Sed
525 3911 556 3970 et
586 3909 754 3992 scriptores
778 3912 809 3972 et
832 3909 947 3994 papyri
968 3910 1087 3994 magici
1111 3911 1257 3974 certiores
1279 3930 1335 3975 nos
1357 3909 1479 3974 faciunt

389 4027 426 4092 de
464 4029 637 4113 mysteriis.
680 4027 828 4092 Primum
858 4032 967 4093 autem
998 4026 1086 4093 locus
1116 4027 1171 4092 illo
1202 4051 1239 4093 ex
1273 4028 1419 4117 Origine,
1450 4052 1477 4096 o.

424 4180 447 4240 l)
464 4178 501 4228 De
518 4179 587 4243 genio
605 4179 702 4244 proprio
719 4181 750 4229 cf.
767 4179 807 4230 Ps.
825 4178 914 4230 Iambl.
931 4179 968 4228 De
985 4185 1056 4244 myst.
1073 4178 1116 4238 IX,
1133 4179 1156 4238 2,
1175 4180 1198 4230 6.

421 4261 448 4324 2)
466 4260 503 4311 cf.
521 4261 551 4311 de
569 4258 681 4328 αὐτοψίῃ
701 4265 712 4324 t
729 4262 753 4312 2.

421 4344 446 4405 Β)
471 4343 508 4394 Cf.
533 4345 642 4405 brecus,
668 4344 714 4395 Die
740 4343 897 4412 Philosophic
923 4345 965 4394 der
991 4342 1134 4404 Griechen3,
1161 4351 1219 4396 torn.
1245 4345 1293 4406 111,
1318 4351 1381 4410 part.
1407 4347 1431 4406 2,
1454 4363 1479 4412 p.

388 4425 444 4486 686,
463 4427 519 4482 640.
