3350 5264
896 481 960 548 126

379 665 460 730 Adv.
492 663 588 729 Haer.
620 686 651 748 p.
684 662 726 728 96
759 683 837 748 θῆτά
862 664 901 728 ef.
926 669 958 728 et
981 661 1183 742 Bnnrflunor,
1207 663 1267 727 Les
1290 660 1473 726 merveilles

379 787 416 852 de
450 770 604 872 l'lIgypte
638 807 668 871 p.
705 783 782 850 246.
803 845 805 850 ,
829 783 890 850 Sed
925 785 963 858 ad
995 784 1095 850 alium
1125 783 1233 850 lorum
1264 755 1473 848 transeamus.

379 905 489 974 Celsus
512 928 561 992 ap.
587 906 675 992 Orig.
699 905 754 984 IV,
780 905 821 970 10
846 903 1042 972 Christianos
1061 910 1235 992 impiorum
1255 906 1339 991 apud
1357 905 1475 970 inferos

379 1028 536 1114 supplicia
570 1033 751 1094 enarrantes
786 1027 918 1105 ἐξομοιοῖ
951 1066 994 1078 -
1030 1038 1091 1102 τοῖς
1130 1031 1159 1092 ἒν
1197 1037 1265 1099 ταῖς
1299 1035 1472 1108 Βααχιιιαῖι

380 1161 522 1222 τελεταῖς
549 1153 596 1215 τά
629 1151 793 1231 Φάσματα
826 1151 877 1216 καὶ
903 1152 944 1214 τά
970 1152 1105 1228 δείματα
1130 1152 1356 1230 τριειτάνσνσι,
1380 1149 1419 1214 ef.
1442 1153 1475 1213 et

380 1272 465 1352 VIII,
494 1273 547 1339 48.
573 1312 615 1323 -
639 1273 733 1340 Valet
756 1274 848 1350 δεῖμα
875 1263 1215 1352 „terriculamentum”
1240 1295 1276 1340 ae
1299 1295 1373 1338 eum
1396 1293 1473 1338 τοτα

382 1395 543 1476 ,,Φάσμα”
567 1417 794 1480 nonnunquam
817 1399 1033 1482 ooniungItur.
1058 1397 1134 1462 Eur.
1159 1396 1237 1462 Her.
1264 1395 1305 1462 69
1330 1417 1376 1480 sq.
1468 1419 1471 1426 ·

651 1549 682 1612 τί
705 1551 775 1613 τοτ’
800 1549 924 1626 αἴρομαι
949 1549 1070 1629 ἔννυχος
1096 1546 1171 1614 οὕτω

651 1669 786 1748 δείμασι,
812 1670 962 1750 Φάσματι
973 1691 981 1749 ;

380 1822 456 1887 Luc.
482 1822 572 1888 Alex.
598 1819 658 1889 47:
684 1823 837 1900 δειμάτων
861 1824 911 1887 καὶ
937 1823 1117 1902 Φασμάτων
1142 1822 1193 1887 καὶ
1218 1819 1351 1902 τεράτων
1371 1821 1475 1884 άταλ·

381 1943 495 2008 λάττον
526 1949 581 2024 (so.
612 1944 744 2030 Epicuri
773 1943 925 2026 libellus).
962 1946 1048 2032 Ergo
1077 1946 1137 2010 hoe
1164 1917 1290 2030 auoque
1320 1943 1399 2020 loeo,
1419 1941 1477 2005 ubi

381 2067 501 2130 mentio
535 2065 571 2129 fit
602 2067 791 2144 φασμάτων,
819 2067 857 2131 de
881 2069 1012 2151 spectris
1036 2069 1155 2152 agitur.
1178 2064 1300 2150 'Neque
1323 2062 1476 2128 Baoehica

380 2187 458 2251 haee
481 2189 646 2273 mysteria,
671 2188 787 2272 quibus
808 2189 954 2252 initiatus
973 2187 1079 2264 fuerit,
1101 2185 1306 2270 multumque
1326 2185 1476 2248 tribuerit

381 2305 574 2405 Plutarchus
588 2306 624 2388 ¹),
654 2302 688 2372 iu
722 2308 849 2394 angulis
886 2310 925 2373 ab
960 2309 1080 2373 infimis
1115 2307 1286 2394 planorum
1321 2306 1476 2371 celebrata

382 2420 448 2493 esse
482 2429 660 2493 contendas.
691 2429 829 2508 ,Quodsi
863 2437 895 2494 et
929 2433 963 2493 in
997 2433 1037 2494 iis
1073 2436 1195 2515 spectra
1229 2428 1476 2493 ostendebantur

381 2552 508 2635 mystis,
542 2552 713 2636 quamnam
744 2551 872 2616 tandem
905 2552 944 2616 ob
974 2544 1102 2617 oausam
1133 2555 1167 2616 in
1198 2551 1369 2631 Eleusiniis
1393 2535 1476 2612 faeta

381 2693 447 2737 esse
478 2693 643 2759 negemus,
676 2675 812 2758 quaein
836 2672 908 2737 aliis
932 2673 1041 2738 fierent
1065 2669 1249 2760 mysteriis?
1284 2671 1346 2735 Fae
1369 2676 1476 2734 tamen

381 2799 477 2878 neget
501 2797 589 2879 quis:
615 2797 801 2860 testimonia
824 2798 1017 2882 scriptorum
1040 2796 1092 2860 hio
1116 2815 1241 2880 quoque
1267 2813 1395 2858 omnem
1415 2791 1477 2855 exi·

382 2921 477 2980 munt
514 2915 710 3001 scrupulum.
756 2917 902 3001 Namque
935 2917 1019 3002 apud
1053 2915 1239 2998 Platonem,
1274 2913 1408 2979 Phaedr.
1443 2931 1474 2994 p.

381 3038 489 3116 aeota,
510 3041 537 3102 si
556 3061 619 3103 non
643 3039 791 3104 eoelestia
816 3016 954 3104 tantum·
968 3039 1141 3119 φάσματα,
1167 3039 1204 3104 de
1228 3039 1345 3124 quibus
1370 3040 1475 3121 aperte

378 3161 521 3246 loquitur
552 3161 770 3247 philosophus,
799 3163 852 3227 sed
876 3170 907 3227 et
931 3162 1143 3240 Eleusiniaea,
1169 3183 1248 3248 quae
1273 3163 1380 3226 animo
1406 3159 1474 3222 eius

381 3282 647 3362 obversabantur,
681 3283 791 3362 „visa”
819 3285 869 3350 vel
894 3285 1058 3371 „spectra”
1083 3287 1259 3361 vertimus,
1284 3281 1389 3346 multo
1412 3299 1477 3343 me-

380 3401 444 3467 lius
475 3424 570 3489 quare
594 3405 671 3470 haee
694 3427 749 3472 nee
773 3409 861 3472 omni
885 3429 923 3471 ex
941 3402 1035 3493 'parte
1059 3406 1211 3489 absoluta,
1237 3426 1293 3468 nee
1317 3400 1476 3486 simplicia

382 3543 439 3589 nee
457 3526 594 3590 immota
613 3526 711 3592 fuisse
731 3527 969 3614 significaverit,
993 3526 1225 3615 intelligemus.
1249 3525 1378 3612 Speotra
1391 3523 1476 3588 enim

382 3666 439 3709 neo
473 3667 634 3731 expressas
669 3669 736 3713 esse
772 3651 931 3736 imagines
962 3670 1018 3714 nee
1049 3647 1221 3734 simplices,
1253 3647 1308 3712 sed
1339 3649 1475 3710 incertas

383 3768 560 3866 variasque,
591 3776 714 3854 spectra
742 3792 805 3836 non
829 3771 885 3836 diu
909 3777 981 3836 ante
1006 3771 1113 3836 oeulos
1138 3771 1308 3842 observari,
1334 3766 1389 3833 sed
1412 3768 1475 3832 aito

384 3907 577 3996 evanescere,
611 3892 682 3976 quis
712 3891 804 3957 fando
828 3913 891 3957 non
914 3888 1072 3956 audierit?
1107 3891 1184 3971 Quis
1207 3913 1268 3955 non
1292 3889 1476 3974 adgnoscat,

419 4113 442 4174 1)
465 4113 570 4164 Uxorem
594 4115 686 4166 scilieet
709 4123 811 4166 mortem
834 4118 899 4166 filiae
922 4118 1045 4182 lugentem
1063 4117 1097 4167 sie
1114 4119 1219 4177 adfatur,
1237 4119 1308 4168 Gens.
1326 4118 1357 4166 ud
1374 4133 1412 4164 ux.
1431 4115 1477 4164 10:

384 4193 432 4243 Καὶ
449 4194 495 4256 μὴν
512 4195 529 4246 ἃ
547 4202 596 4246 τῶν
613 4197 696 4248 άλλων
714 4199 817 4258 σἰκσάεις,
835 4202 861 4250 σὶ
874 4200 983 4250 πείθοντι
1001 4195 1117 4261 τσλλάῢς,
1134 4200 1251 4265 λέγοντες
1262 4196 1477 4261 ὧςσῦδένσίνδαμῇ

384 4280 420 4338 τῷ
440 4275 578 4328 διαλυθέντι
596 4282 668 4329 κακὸν
687 4280 742 4330 οὐδὲ
760 4284 864 4344 λνιτηρόν
881 4281 960 4340 ἔστιν,
984 4279 1029 4332 ote’
1046 4282 1085 4331 ὅτι
1103 4282 1191 4334 κωλύει
1209 4302 1238 4333 σε
1255 4282 1381 4333 πιστεύειν
1399 4283 1411 4331 δ
1429 4281 1478 4331 τά-

384 4375 450 4420 τρισς
473 4363 547 4424 λόγος
569 4361 612 4410 καὶ
634 4364 668 4412 τά
692 4367 804 4425 μνστιιιὸι
827 4363 946 4426 σύμβολα
964 4368 1013 4412 τῶν
1030 4365 1083 4426 περὶ
1100 4367 1142 4415 τὸν
1160 4368 1276 4416 Διόννσσν
1293 4367 1477 4430 άργιασμάν,λ“ι

386 4439 502 4503 σύνισμεν
520 4443 642 4504 άλλάλσις
660 4446 686 4494 σί
699 4451 873 4506 κοινωνοῦντες.
890 4447 993 4512 (nequid
1011 4465 1053 4512 pro
1071 4451 1144 4498 κακόν
1163 4451 1210 4515 leg.
1228 4447 1273 4506 teo
1290 4451 1328 4500 vel
1346 4452 1420 4500 καλόν
1428 4451 1449 4513 l)
