<?xml version="1.0" encoding="UTF-8"?>
<!DOCTYPE html PUBLIC "-//W3C//DTD XHTML 1.0 Transitional//EN"
    "http://www.w3.org/TR/xhtml1/DTD/xhtml1-transitional.dtd">
<html xmlns="http://www.w3.org/1999/xhtml" xml:lang="en" lang="en">
 <head>
  <title>
</title>
<meta http-equiv="Content-Type" content="text/html;charset=utf-8" />
  <meta name='ocr-system' content='tesseract 3.04.00' />
  <meta name='ocr-capabilities' content='ocr_page ocr_carea ocr_par ocr_line ocrx_word'/>
</head>
<body>
  <div class='ocr_page' id='page_1' title='image "./deapuleioisiaco00jonggoog_0027.png"; bbox 0 0 3354 5262; ppageno 0'>
   <div class='ocr_carea' id='block_1_1' title="bbox 883 1318 959 1407">
    <p class='ocr_par' dir='ltr' id='par_1_1' title="bbox 876 1311 959 1407">
     <span class='ocr_line' id='line_1_1' title="bbox 883 1318 959 1407; baseline 0.012 -23.916"><span class='ocrx_word' id='word_1_1' title='bbox 883 1323 906 1407; x_wconf 74' lang='grc'>6</span> <span class='ocrx_word' id='word_1_2' title='bbox 926 1318 959 1384; x_wconf 83' lang='lat' dir='ltr'>a.</span> 
     </span>
    </p>
   </div>
   <div class='ocr_carea' id='block_1_2' title="bbox 366 1496 1471 2185">
    <p class='ocr_par' dir='ltr' id='par_1_2' title="bbox 366 1496 1471 2185">
     <span class='ocr_line' id='line_1_2' title="bbox 413 1496 1471 1588; baseline -0.001 -21"><span class='ocrx_word' id='word_1_3' title='bbox 413 1502 455 1567; x_wconf 75' lang='lat' dir='ltr'>st</span> <span class='ocrx_word' id='word_1_4' title='bbox 484 1502 617 1570; x_wconf 89' lang='lat' dir='ltr'>illorum</span> <span class='ocrx_word' id='word_1_5' title='bbox 647 1502 814 1581; x_wconf 91' lang='lat' dir='ltr'>librorum,</span> <span class='ocrx_word' id='word_1_6' title='bbox 846 1505 880 1567; x_wconf 92' lang='lat' dir='ltr'>in</span> <span class='ocrx_word' id='word_1_7' title='bbox 907 1496 1025 1588; x_wconf 89' lang='lat' dir='ltr'>quibus</span> <span class='ocrx_word' id='word_1_8' title='bbox 1048 1502 1102 1568; x_wconf 86' lang='lat' dir='ltr'>vel</span> <span class='ocrx_word' id='word_1_9' title='bbox 1125 1506 1202 1568; x_wconf 89' lang='lat' dir='ltr'>certi</span> <span class='ocrx_word' id='word_1_10' title='bbox 1227 1502 1394 1568; x_wconf 84' lang='lat' dir='ltr'>cuiusdam</span> <span class='ocrx_word' id='word_1_11' title='bbox 1417 1502 1471 1567; x_wconf 86' lang='lat' dir='ltr'>vel</span> 
     </span>
     <span class='ocr_line' id='line_1_3' title="bbox 368 1623 1469 1710; baseline -0.003 -21"><span class='ocrx_word' id='word_1_12' title='bbox 368 1627 471 1690; x_wconf 91' lang='lat' dir='ltr'>omnis</span> <span class='ocrx_word' id='word_1_13' title='bbox 502 1626 628 1710; x_wconf 81' lang='lat' dir='ltr'>generis</span> <span class='ocrx_word' id='word_1_14' title='bbox 658 1645 713 1688; x_wconf 89' lang='grc'>666</span> <span class='ocrx_word' id='word_1_15' title='bbox 738 1624 847 1689; x_wconf 91' lang='lat' dir='ltr'>ordine</span> <span class='ocrx_word' id='word_1_16' title='bbox 873 1623 1073 1709; x_wconf 75' lang='lat' dir='ltr'>alphabetico</span> <span class='ocrx_word' id='word_1_17' title='bbox 1097 1625 1270 1708; x_wconf 79' lang='lat' dir='ltr'><strong>dispositae</strong></span> <span class='ocrx_word' id='word_1_18' title='bbox 1294 1645 1312 1688; x_wconf 91' lang='grc'>6</span> <span class='ocrx_word' id='word_1_19' title='bbox 1335 1623 1469 1688; x_wconf 85' lang='grc'>(11666616</span> 
     </span>
     <span class='ocr_line' id='line_1_4' title="bbox 366 1746 1469 1830; baseline 0 -22"><span class='ocrx_word' id='word_1_20' title='bbox 366 1750 544 1812; x_wconf 72' lang='lat' dir='ltr'>tractantur</span> <span class='ocrx_word' id='word_1_21' title='bbox 567 1746 784 1830; x_wconf 88' lang='lat' dir='ltr'>scriptoribus,</span> <span class='ocrx_word' id='word_1_22' title='bbox 809 1749 891 1811; x_wconf 86' lang='lat' dir='ltr'>ratio</span> <span class='ocrx_word' id='word_1_23' title='bbox 915 1746 1059 1811; x_wconf 87' lang='lat' dir='ltr'>habenda</span> <span class='ocrx_word' id='word_1_24' title='bbox 1083 1752 1141 1825; x_wconf 90' lang='grc'>661,</span> <span class='ocrx_word' id='word_1_25' title='bbox 1162 1768 1236 1811; x_wconf 89' lang='lat' dir='ltr'>cum</span> <span class='ocrx_word' id='word_1_26' title='bbox 1256 1767 1295 1810; x_wconf 82' lang='lat' dir='ltr'>ex</span> <span class='ocrx_word' id='word_1_27' title='bbox 1312 1748 1353 1809; x_wconf 91' lang='lat' dir='ltr'>iis</span> <span class='ocrx_word' id='word_1_28' title='bbox 1373 1764 1469 1830; x_wconf 90' lang='lat' dir='ltr'>quam</span> 
     </span>
     <span class='ocr_line' id='line_1_5' title="bbox 367 1865 1470 1950; baseline -0.002 -20"><span class='ocrx_word' id='word_1_29' title='bbox 367 1868 507 1931; x_wconf 83' lang='lat' dir='ltr'>maxime</span> <span class='ocrx_word' id='word_1_30' title='bbox 538 1886 696 1950; x_wconf 79' lang='lat' dir='ltr'>quaenam</span> <span class='ocrx_word' id='word_1_31' title='bbox 725 1869 854 1932; x_wconf 92' lang='lat' dir='ltr'>omnino</span> <span class='ocrx_word' id='word_1_32' title='bbox 887 1869 1031 1932; x_wconf 91' lang='lat' dir='ltr'>virorum</span> <span class='ocrx_word' id='word_1_33' title='bbox 1055 1867 1224 1933; x_wconf 85' lang='lat' dir='ltr'>doctorum</span> <span class='ocrx_word' id='word_1_34' title='bbox 1248 1869 1292 1930; x_wconf 91' lang='lat' dir='ltr'>sit</span> <span class='ocrx_word' id='word_1_35' title='bbox 1314 1865 1352 1930; x_wconf 89' lang='lat' dir='ltr'>de</span> <span class='ocrx_word' id='word_1_36' title='bbox 1375 1865 1470 1930; x_wconf 88' lang='lat' dir='ltr'>rebus</span> 
     </span>
     <span class='ocr_line' id='line_1_6' title="bbox 366 1986 1470 2074; baseline -0.003 -22"><span class='ocrx_word' id='word_1_37' title='bbox 366 1989 483 2070; x_wconf 91' lang='lat' dir='ltr'>opinio,</span> <span class='ocrx_word' id='word_1_38' title='bbox 513 1993 732 2072; x_wconf 78' lang='lat' dir='ltr'>cognoscatur.</span> <span class='ocrx_word' id='word_1_39' title='bbox 765 1987 839 2052; x_wconf 92' lang='lat' dir='ltr'>Adii</span> <span class='ocrx_word' id='word_1_40' title='bbox 865 1990 969 2074; x_wconf 78' lang='lat' dir='ltr'>igitur</span> <span class='ocrx_word' id='word_1_41' title='bbox 994 1986 1281 2074; x_wconf 77' lang='lat' dir='ltr'>Encyclopacdiam</span> <span class='ocrx_word' id='word_1_42' title='bbox 1304 1986 1415 2051; x_wconf 81' lang='grc'>1166616-</span> <span class='ocrx_word' id='word_1_43' title='bbox 1438 1991 1470 2050; x_wconf 94' lang='grc'>61</span> 
     </span>
     <span class='ocr_line' id='line_1_7' title="bbox 367 2105 1471 2185; baseline -0.002 -13"><span class='ocrx_word' id='word_1_44' title='bbox 367 2105 610 2185; x_wconf 82' lang='lat' dir='ltr'>Gruberianam,</span> <span class='ocrx_word' id='word_1_45' title='bbox 640 2109 694 2173; x_wconf 88' lang='lat' dir='ltr'>scd</span> <span class='ocrx_word' id='word_1_46' title='bbox 720 2108 803 2173; x_wconf 84' lang='lat' dir='ltr'>nihil</span> <span class='ocrx_word' id='word_1_47' title='bbox 828 2110 876 2174; x_wconf 92' lang='lat' dir='ltr'>ibi</span> <span class='ocrx_word' id='word_1_48' title='bbox 898 2111 932 2172; x_wconf 92' lang='lat' dir='ltr'>in</span> <span class='ocrx_word' id='word_1_49' title='bbox 956 2129 1032 2173; x_wconf 89' lang='grc'>6666</span> <span class='ocrx_word' id='word_1_50' title='bbox 1059 2108 1158 2184; x_wconf 86' lang='grc'>,,1616”</span> <span class='ocrx_word' id='word_1_51' title='bbox 1184 2108 1222 2171; x_wconf 90' lang='lat' dir='ltr'>ds</span> <span class='ocrx_word' id='word_1_52' title='bbox 1245 2106 1338 2171; x_wconf 93' lang='lat' dir='ltr'>Isidis</span> <span class='ocrx_word' id='word_1_53' title='bbox 1360 2109 1471 2171; x_wconf 90' lang='lat' dir='ltr'>inveni</span> 
     </span>
    </p>
   </div>
   <div class='ocr_carea' id='block_1_3' title="bbox 269 2226 1470 2314">
    <p class='ocr_par' dir='ltr' id='par_1_3' title="bbox 269 2226 1470 2314">
     <span class='ocr_line' id='line_1_8' title="bbox 269 2226 1470 2314; baseline -0.002 -22"><span class='ocrx_word' id='word_1_54' title='bbox 269 2226 270 2230; x_wconf 65' lang='grc'>’</span> <span class='ocrx_word' id='word_1_55' title='bbox 366 2231 548 2314; x_wconf 81' lang='lat' dir='ltr'>mysteriis3</span> <span class='ocrx_word' id='word_1_56' title='bbox 581 2229 646 2293; x_wconf 90' lang='lat' dir='ltr'>adii</span> <span class='ocrx_word' id='word_1_57' title='bbox 677 2235 709 2294; x_wconf 97' lang='grc'>61</span> <span class='ocrx_word' id='word_1_58' title='bbox 739 2229 941 2306; x_wconf 90' lang='lat' dir='ltr'>Paulianam,</span> <span class='ocrx_word' id='word_1_59' title='bbox 974 2230 1030 2293; x_wconf 91' lang='lat' dir='ltr'>sed</span> <span class='ocrx_word' id='word_1_60' title='bbox 1057 2231 1168 2295; x_wconf 84' lang='lat' dir='ltr'>vacuis</span> <span class='ocrx_word' id='word_1_61' title='bbox 1191 2234 1223 2293; x_wconf 91' lang='lat' dir='ltr'>et</span> <span class='ocrx_word' id='word_1_62' title='bbox 1244 2228 1319 2292; x_wconf 91' lang='lat' dir='ltr'>inde</span> <span class='ocrx_word' id='word_1_63' title='bbox 1341 2226 1470 2292; x_wconf 87' lang='lat' dir='ltr'>discessi</span> 
     </span>
    </p>
   </div>
   <div class='ocr_carea' id='block_1_4' title="bbox 364 2345 1470 3522">
    <p class='ocr_par' dir='ltr' id='par_1_4' title="bbox 364 2345 1470 3158">
     <span class='ocr_line' id='line_1_9' title="bbox 367 2345 1467 2435; baseline 0 -23"><span class='ocrx_word' id='word_1_64' title='bbox 367 2345 525 2414; x_wconf 81' lang='lat' dir='ltr'>manibus.</span> <span class='ocrx_word' id='word_1_65' title='bbox 557 2349 680 2435; x_wconf 79' lang='lat' dir='ltr'>Quippe</span> <span class='ocrx_word' id='word_1_66' title='bbox 700 2353 751 2416; x_wconf 88' lang='grc'>616</span> <span class='ocrx_word' id='word_1_67' title='bbox 778 2351 983 2415; x_wconf 90' lang='lat' dir='ltr'>doctissimus</span> <span class='ocrx_word' id='word_1_68' title='bbox 1007 2348 1144 2415; x_wconf 73' lang='grc'>(166666</span> <span class='ocrx_word' id='word_1_69' title='bbox 1168 2349 1206 2414; x_wconf 92' lang='lat' dir='ltr'>de</span> <span class='ocrx_word' id='word_1_70' title='bbox 1230 2349 1324 2412; x_wconf 92' lang='lat' dir='ltr'>rebus</span> <span class='ocrx_word' id='word_1_71' title='bbox 1348 2348 1467 2424; x_wconf 82' lang='lat' dir='ltr'>laiseis,</span> 
     </span>
     <span class='ocr_line' id='line_1_10' title="bbox 367 2469 1469 2556; baseline -0.004 -22"><span class='ocrx_word' id='word_1_72' title='bbox 367 2471 451 2554; x_wconf 91' lang='lat' dir='ltr'>quod</span> <span class='ocrx_word' id='word_1_73' title='bbox 474 2471 513 2535; x_wconf 92' lang='lat' dir='ltr'>ad</span> <span class='ocrx_word' id='word_1_74' title='bbox 536 2476 639 2535; x_wconf 90' lang='grc'>661666</span> <span class='ocrx_word' id='word_1_75' title='bbox 662 2474 787 2549; x_wconf 91' lang='grc'>6111661,</span> <span class='ocrx_word' id='word_1_76' title='bbox 812 2473 937 2556; x_wconf 91' lang='grc'>6661666</span> <span class='ocrx_word' id='word_1_77' title='bbox 956 2471 1144 2555; x_wconf 88' lang='lat' dir='ltr'>disputavit,</span> <span class='ocrx_word' id='word_1_78' title='bbox 1165 2469 1203 2534; x_wconf 91' lang='lat' dir='ltr'>de</span> <span class='ocrx_word' id='word_1_79' title='bbox 1222 2471 1387 2556; x_wconf 81' lang='lat' dir='ltr'>mysteriis</span> <span class='ocrx_word' id='word_1_80' title='bbox 1406 2490 1469 2532; x_wconf 90' lang='lat' dir='ltr'>non</span> 
     </span>
     <span class='ocr_line' id='line_1_11' title="bbox 364 2590 1468 2667; baseline -0.002 -12"><span class='ocrx_word' id='word_1_81' title='bbox 364 2594 454 2655; x_wconf 84' lang='lat' dir='ltr'>item.</span> <span class='ocrx_word' id='word_1_82' title='bbox 492 2591 607 2656; x_wconf 78' lang='lat' dir='ltr'>Paucis</span> <span class='ocrx_word' id='word_1_83' title='bbox 641 2593 728 2656; x_wconf 91' lang='lat' dir='ltr'>enim</span> <span class='ocrx_word' id='word_1_84' title='bbox 762 2593 952 2656; x_wconf 87' lang='lat' dir='ltr'>initiationis</span> <span class='ocrx_word' id='word_1_85' title='bbox 984 2593 1185 2656; x_wconf 86' lang='lat' dir='ltr'>caerimoniis</span> <span class='ocrx_word' id='word_1_86' title='bbox 1219 2590 1337 2667; x_wconf 88' lang='lat' dir='ltr'>relatis,</span> <span class='ocrx_word' id='word_1_87' title='bbox 1371 2591 1468 2656; x_wconf 88' lang='lat' dir='ltr'>verba</span> 
     </span>
     <span class='ocr_line' id='line_1_12' title="bbox 364 2709 1470 2798; baseline -0.002 -22"><span class='ocrx_word' id='word_1_88' title='bbox 364 2711 476 2776; x_wconf 85' lang='lat' dir='ltr'>laudet</span> <span class='ocrx_word' id='word_1_89' title='bbox 498 2709 676 2796; x_wconf 88' lang='lat' dir='ltr'>Apuleiana</span> <span class='ocrx_word' id='word_1_90' title='bbox 700 2714 848 2790; x_wconf 88' lang='lat' dir='ltr'>„Accessi</span> <span class='ocrx_word' id='word_1_91' title='bbox 871 2714 940 2778; x_wconf 90' lang='lat' dir='ltr'>etc’&#39;</span> <span class='ocrx_word' id='word_1_92' title='bbox 965 2718 1060 2798; x_wconf 89' lang='grc'>61666</span> <span class='ocrx_word' id='word_1_93' title='bbox 1084 2734 1122 2777; x_wconf 84' lang='lat' dir='ltr'>cx</span> <span class='ocrx_word' id='word_1_94' title='bbox 1146 2714 1187 2776; x_wconf 90' lang='lat' dir='ltr'>iis</span> <span class='ocrx_word' id='word_1_95' title='bbox 1211 2715 1315 2776; x_wconf 89' lang='lat' dir='ltr'>nescio</span> <span class='ocrx_word' id='word_1_96' title='bbox 1339 2713 1470 2795; x_wconf 88' lang='grc'>66616-</span> 
     </span>
     <span class='ocr_line' id='line_1_13' title="bbox 364 2830 1470 2917; baseline -0.002 -21"><span class='ocrx_word' id='word_1_97' title='bbox 364 2835 601 2917; x_wconf 86' lang='grc'>16666616116616</span> <span class='ocrx_word' id='word_1_98' title='bbox 632 2838 699 2897; x_wconf 87' lang='grc'>6616</span> <span class='ocrx_word' id='word_1_99' title='bbox 730 2832 827 2910; x_wconf 88' lang='grc'>611611,</span> <span class='ocrx_word' id='word_1_100' title='bbox 861 2836 1007 2897; x_wconf 89' lang='grc'>6666616</span> <span class='ocrx_word' id='word_1_101' title='bbox 1030 2839 1121 2898; x_wconf 90' lang='lat' dir='ltr'>nocte</span> <span class='ocrx_word' id='word_1_102' title='bbox 1145 2853 1278 2917; x_wconf 89' lang='lat' dir='ltr'>pompas</span> <span class='ocrx_word' id='word_1_103' title='bbox 1302 2853 1369 2896; x_wconf 90' lang='grc'>6666</span> <span class='ocrx_word' id='word_1_104' title='bbox 1393 2830 1470 2896; x_wconf 90' lang='grc'>6616-</span> 
     </span>
     <span class='ocr_line' id='line_1_14' title="bbox 365 2950 1469 3038; baseline -0.003 -19"><span class='ocrx_word' id='word_1_105' title='bbox 365 2954 471 3019; x_wconf 82' lang='grc'>166166</span> <span class='ocrx_word' id='word_1_106' title='bbox 502 2953 654 3038; x_wconf 86' lang='lat' dir='ltr'>adspectu</span> <span class='ocrx_word' id='word_1_107' title='bbox 680 2951 828 3017; x_wconf 89' lang='lat' dir='ltr'>horribili</span> <span class='ocrx_word' id='word_1_108' title='bbox 843 2950 877 3033; x_wconf 87' lang='lat'>¹).</span> <span class='ocrx_word' id='word_1_109' title='bbox 911 2951 1023 3019; x_wconf 79' lang='lat' dir='ltr'>Cetera</span> <span class='ocrx_word' id='word_1_110' title='bbox 1046 2953 1168 3030; x_wconf 90' lang='lat' dir='ltr'>lectori,</span> <span class='ocrx_word' id='word_1_111' title='bbox 1193 2960 1230 3017; x_wconf 92' lang='lat' dir='ltr'>ut</span> <span class='ocrx_word' id='word_1_112' title='bbox 1252 2975 1309 3037; x_wconf 92' lang='lat' dir='ltr'>pro</span> <span class='ocrx_word' id='word_1_113' title='bbox 1334 2952 1469 3016; x_wconf 88' lang='lat' dir='ltr'>libidine</span> 
     </span>
     <span class='ocr_line' id='line_1_15' title="bbox 366 3072 756 3158; baseline 0.005 -23"><span class='ocrx_word' id='word_1_114' title='bbox 366 3073 428 3135; x_wconf 91' lang='lat' dir='ltr'>sibi</span> <span class='ocrx_word' id='word_1_115' title='bbox 453 3072 560 3158; x_wconf 83' lang='lat' dir='ltr'>fingat,</span> <span class='ocrx_word' id='word_1_116' title='bbox 585 3076 756 3157; x_wconf 90' lang='lat' dir='ltr'>permittit.</span> 
     </span>
    </p>

    <p class='ocr_par' dir='ltr' id='par_1_5' title="bbox 367 3193 1469 3522">
     <span class='ocr_line' id='line_1_16' title="bbox 414 3193 1468 3281; baseline 0.001 -24"><span class='ocrx_word' id='word_1_117' title='bbox 414 3193 510 3259; x_wconf 88' lang='lat' dir='ltr'>Plura</span> <span class='ocrx_word' id='word_1_118' title='bbox 540 3193 578 3258; x_wconf 94' lang='lat' dir='ltr'>de</span> <span class='ocrx_word' id='word_1_119' title='bbox 609 3197 772 3280; x_wconf 85' lang='lat' dir='ltr'>mysteriis</span> <span class='ocrx_word' id='word_1_120' title='bbox 803 3197 837 3258; x_wconf 91' lang='lat' dir='ltr'>in</span> <span class='ocrx_word' id='word_1_121' title='bbox 866 3195 1086 3260; x_wconf 87' lang='lat' dir='ltr'>dissertatione</span> <span class='ocrx_word' id='word_1_122' title='bbox 1108 3195 1249 3281; x_wconf 80' lang='lat' dir='ltr'>legimus</span> <span class='ocrx_word' id='word_1_123' title='bbox 1272 3194 1468 3280; x_wconf 81' lang='lat' dir='ltr'>inaugurali,</span> 
     </span>
     <span class='ocr_line' id='line_1_17' title="bbox 369 3314 1468 3401; baseline 0.002 -23"><span class='ocrx_word' id='word_1_124' title='bbox 369 3335 466 3400; x_wconf 89' lang='lat' dir='ltr'>quam</span> <span class='ocrx_word' id='word_1_125' title='bbox 489 3314 548 3391; x_wconf 85' lang='lat' dir='ltr'>„de</span> <span class='ocrx_word' id='word_1_126' title='bbox 567 3314 661 3379; x_wconf 88' lang='lat' dir='ltr'>Isidis</span> <span class='ocrx_word' id='word_1_127' title='bbox 677 3316 761 3400; x_wconf 87' lang='lat' dir='ltr'>apud</span> <span class='ocrx_word' id='word_1_128' title='bbox 778 3315 939 3381; x_wconf 89' lang='lat' dir='ltr'>Romanos</span> <span class='ocrx_word' id='word_1_129' title='bbox 952 3315 1064 3380; x_wconf 89' lang='lat' dir='ltr'>cultu’&#39;</span> <span class='ocrx_word' id='word_1_130' title='bbox 1078 3315 1468 3401; x_wconf 63' lang='lat' dir='ltr'>conscripsit‘Reichelius.</span> 
     </span>
     <span class='ocr_line' id='line_1_18' title="bbox 367 3434 1469 3522; baseline 0.002 -24"><span class='ocrx_word' id='word_1_131' title='bbox 367 3435 429 3514; x_wconf 79' lang='lat' dir='ltr'>Qui</span> <span class='ocrx_word' id='word_1_132' title='bbox 451 3434 668 3522; x_wconf 82' lang='lat' dir='ltr'>Aegyptiacos</span> <span class='ocrx_word' id='word_1_133' title='bbox 691 3439 772 3500; x_wconf 88' lang='lat' dir='ltr'>ritus</span> <span class='ocrx_word' id='word_1_134' title='bbox 795 3458 870 3501; x_wconf 91' lang='lat' dir='ltr'>cum</span> <span class='ocrx_word' id='word_1_135' title='bbox 894 3434 1023 3502; x_wconf 79' lang='lat' dir='ltr'>Graecis</span> <span class='ocrx_word' id='word_1_136' title='bbox 1043 3437 1170 3514; x_wconf 88' lang='lat' dir='ltr'>ritibus,</span> <span class='ocrx_word' id='word_1_137' title='bbox 1193 3436 1374 3522; x_wconf 90' lang='lat' dir='ltr'>Isidemquc</span> <span class='ocrx_word' id='word_1_138' title='bbox 1394 3459 1469 3501; x_wconf 92' lang='lat' dir='ltr'>cum</span> 
     </span>
    </p>
   </div>
   <div class='ocr_carea' id='block_1_5' title="bbox 367 3553 1469 3645">
    <p class='ocr_par' dir='ltr' id='par_1_6' title="bbox 367 3553 1469 3645">
     <span class='ocr_line' id='line_1_19' title="bbox 367 3553 1469 3645; baseline 0 -23"><span class='ocrx_word' id='word_1_139' title='bbox 367 3553 480 3622; x_wconf 82' lang='grc'>066666</span> <span class='ocrx_word' id='word_1_140' title='bbox 510 3577 706 3642; x_wconf 89' lang='lat' dir='ltr'>comparans,</span> <span class='ocrx_word' id='word_1_141' title='bbox 740 3579 758 3622; x_wconf 95' lang='lat' dir='ltr'>a</span> <span class='ocrx_word' id='word_1_142' title='bbox 789 3556 913 3624; x_wconf 86' lang='lat' dir='ltr'>Ocreris</span> <span class='ocrx_word' id='word_1_143' title='bbox 941 3557 1072 3642; x_wconf 91' lang='lat' dir='ltr'>quidem</span> <span class='ocrx_word' id='word_1_144' title='bbox 1095 3557 1202 3624; x_wconf 88' lang='lat' dir='ltr'>teletis</span> <span class='ocrx_word' id='word_1_145' title='bbox 1224 3557 1320 3645; x_wconf 83' lang='lat' dir='ltr'>longe</span> <span class='ocrx_word' id='word_1_146' title='bbox 1344 3559 1469 3624; x_wconf 87' lang='lat' dir='ltr'>diversa</span> 
     </span>
    </p>
   </div>
   <div class='ocr_carea' id='block_1_6' title="bbox 366 3676 1467 4246">
    <p class='ocr_par' dir='ltr' id='par_1_7' title="bbox 367 3676 1011 3764">
     <span class='ocr_line' id='line_1_20' title="bbox 367 3676 1011 3764; baseline 0.002 -22"><span class='ocrx_word' id='word_1_147' title='bbox 367 3676 495 3743; x_wconf 89' lang='lat' dir='ltr'>tendere</span> <span class='ocrx_word' id='word_1_148' title='bbox 517 3677 617 3743; x_wconf 92' lang='grc'>161666</span> <span class='ocrx_word' id='word_1_149' title='bbox 640 3678 777 3743; x_wconf 91' lang='lat' dir='ltr'>affirmat</span> <span class='ocrx_word' id='word_1_150' title='bbox 800 3681 955 3764; x_wconf 87' lang='lat' dir='ltr'>mysteria</span> <span class='ocrx_word' id='word_1_151' title='bbox 967 3679 1011 3759; x_wconf 86' lang='lat'>²):</span> 
     </span>
    </p>

    <p class='ocr_par' dir='ltr' id='par_1_8' title="bbox 366 3802 1467 4246">
     <span class='ocr_line' id='line_1_21' title="bbox 414 3802 1466 3885; baseline 0.001 -22"><span class='ocrx_word' id='word_1_152' title='bbox 414 3847 431 3876; x_wconf 87' lang='lat'>‚‚</span> <span class='ocrx_word' id='word_1_153' title='bbox 445 3837 487 3847; x_wconf 93' lang='lat'>-</span> <span class='ocrx_word' id='word_1_154' title='bbox 508 3819 595 3864; x_wconf 89' lang='lat' dir='ltr'>sacra</span> <span class='ocrx_word' id='word_1_155' title='bbox 626 3802 722 3877; x_wconf 90' lang='lat' dir='ltr'>enim,</span> <span class='ocrx_word' id='word_1_156' title='bbox 749 3820 829 3885; x_wconf 90' lang='lat' dir='ltr'>quas</span> <span class='ocrx_word' id='word_1_157' title='bbox 853 3804 945 3864; x_wconf 90' lang='grc'>66166</span> <span class='ocrx_word' id='word_1_158' title='bbox 968 3802 1022 3884; x_wconf 88' lang='grc'>616</span> <span class='ocrx_word' id='word_1_159' title='bbox 1047 3804 1153 3866; x_wconf 90' lang='lat' dir='ltr'>animo</span> <span class='ocrx_word' id='word_1_160' title='bbox 1177 3802 1343 3866; x_wconf 88' lang='lat' dir='ltr'>observata</span> <span class='ocrx_word' id='word_1_161' title='bbox 1367 3806 1466 3875; x_wconf 89' lang='lat' dir='ltr'>erant,</span> 
     </span>
     <span class='ocr_line' id='line_1_22' title="bbox 366 3920 1467 4005; baseline 0.001 -22"><span class='ocrx_word' id='word_1_162' title='bbox 366 3923 398 3983; x_wconf 92' lang='lat' dir='ltr'>in</span> <span class='ocrx_word' id='word_1_163' title='bbox 434 3922 530 3984; x_wconf 89' lang='lat' dir='ltr'>unius</span> <span class='ocrx_word' id='word_1_164' title='bbox 565 3922 706 3984; x_wconf 90' lang='lat' dir='ltr'>numinis</span> <span class='ocrx_word' id='word_1_165' title='bbox 742 3920 833 3985; x_wconf 87' lang='lat' dir='ltr'>cultu</span> <span class='ocrx_word' id='word_1_166' title='bbox 862 3921 1179 4005; x_wconf 83' lang='lat' dir='ltr'>comprehenderunt,</span> <span class='ocrx_word' id='word_1_167' title='bbox 1211 3927 1306 4005; x_wconf 92' lang='lat' dir='ltr'>atquc</span> <span class='ocrx_word' id='word_1_168' title='bbox 1336 3927 1467 3986; x_wconf 87' lang='lat' dir='ltr'>naturae</span> 
     </span>
     <span class='ocr_line' id='line_1_23' title="bbox 366 4040 1467 4128; baseline -0.001 -24"><span class='ocrx_word' id='word_1_169' title='bbox 366 4045 534 4106; x_wconf 89' lang='lat' dir='ltr'>crescentis</span> <span class='ocrx_word' id='word_1_170' title='bbox 554 4062 679 4128; x_wconf 90' lang='lat' dir='ltr'>semper</span> <span class='ocrx_word' id='word_1_171' title='bbox 696 4045 879 4128; x_wconf 87' lang='lat' dir='ltr'>iterumque</span> <span class='ocrx_word' id='word_1_172' title='bbox 900 4040 1074 4106; x_wconf 88' lang='lat' dir='ltr'>deficientis</span> <span class='ocrx_word' id='word_1_173' title='bbox 1095 4047 1293 4106; x_wconf 90' lang='lat' dir='ltr'>constantem</span> <span class='ocrx_word' id='word_1_174' title='bbox 1310 4043 1372 4106; x_wconf 89' lang='lat' dir='ltr'>sibi</span> <span class='ocrx_word' id='word_1_175' title='bbox 1387 4040 1467 4105; x_wconf 92' lang='lat' dir='ltr'>ordi·</span> 
     </span>
     <span class='ocr_line' id='line_1_24' title="bbox 366 4160 1465 4246; baseline 0 -22"><span class='ocrx_word' id='word_1_176' title='bbox 366 4181 438 4225; x_wconf 89' lang='lat' dir='ltr'>nem</span> <span class='ocrx_word' id='word_1_177' title='bbox 471 4183 591 4226; x_wconf 90' lang='lat' dir='ltr'>numen</span> <span class='ocrx_word' id='word_1_178' title='bbox 621 4183 688 4228; x_wconf 92' lang='lat' dir='ltr'>esse</span> <span class='ocrx_word' id='word_1_179' title='bbox 720 4163 988 4239; x_wconf 86' lang='lat' dir='ltr'>demonstrarunt,</span> <span class='ocrx_word' id='word_1_180' title='bbox 1013 4184 1075 4246; x_wconf 92' lang='lat' dir='ltr'>quo</span> <span class='ocrx_word' id='word_1_181' title='bbox 1098 4162 1181 4226; x_wconf 89' lang='lat' dir='ltr'>facto</span> <span class='ocrx_word' id='word_1_182' title='bbox 1204 4161 1335 4227; x_wconf 92' lang='lat' dir='ltr'>deorum</span> <span class='ocrx_word' id='word_1_183' title='bbox 1361 4160 1465 4226; x_wconf 90' lang='lat' dir='ltr'>cultus</span> 
     </span>
    </p>
   </div>
   <div class='ocr_carea' id='block_1_7' title="bbox 399 4349 1466 4520">
    <p class='ocr_par' dir='ltr' id='par_1_9' title="bbox 399 4349 1466 4520">
     <span class='ocr_line' id='line_1_25' title="bbox 402 4349 1466 4438; baseline -0.002 -17"><span class='ocrx_word' id='word_1_184' title='bbox 402 4374 426 4435; x_wconf 87' lang='lat'>1)</span> <span class='ocrx_word' id='word_1_185' title='bbox 442 4372 505 4422; x_wconf 77' lang='grc'>1166.</span> <span class='ocrx_word' id='word_1_186' title='bbox 521 4373 601 4422; x_wconf 73' lang='lat' dir='ltr'>Pseu.</span> <span class='ocrx_word' id='word_1_187' title='bbox 616 4379 675 4422; x_wconf 89' lang='lat' dir='ltr'>tom.</span> <span class='ocrx_word' id='word_1_188' title='bbox 690 4372 732 4431; x_wconf 88' lang='lat' dir='ltr'>IV,</span> <span class='ocrx_word' id='word_1_189' title='bbox 749 4389 772 4438; x_wconf 92' lang='lat' dir='ltr'>p.</span> <span class='ocrx_word' id='word_1_190' title='bbox 786 4349 847 4422; x_wconf 71' lang='grc'>2166</span> <span class='ocrx_word' id='word_1_191' title='bbox 862 4373 1001 4432; x_wconf 80' lang='lat' dir='ltr'>„Wiihrend</span> <span class='ocrx_word' id='word_1_192' title='bbox 1016 4373 1058 4422; x_wconf 90' lang='lat' dir='ltr'>der</span> <span class='ocrx_word' id='word_1_193' title='bbox 1068 4373 1148 4424; x_wconf 85' lang='lat' dir='ltr'>Necht</span> <span class='ocrx_word' id='word_1_194' title='bbox 1157 4374 1324 4424; x_wconf 81' lang='lat' dir='ltr'>scheuerliche</span> <span class='ocrx_word' id='word_1_195' title='bbox 1333 4369 1466 4434; x_wconf 79' lang='lat' dir='ltr'>Aulziige.&#39;&#39;</span> 
     </span>
     <span class='ocr_line' id='line_1_26' title="bbox 399 4455 1015 4520; baseline -0.002 -17"><span class='ocrx_word' id='word_1_196' title='bbox 399 4455 567 4516; x_wconf 73' lang='grc'>66661666</span> <span class='ocrx_word' id='word_1_197' title='bbox 585 4456 649 4520; x_wconf 85' lang='lat' dir='ltr'>apud</span> <span class='ocrx_word' id='word_1_198' title='bbox 666 4455 788 4504; x_wconf 84' lang='lat' dir='ltr'>Romanos</span> <span class='ocrx_word' id='word_1_199' title='bbox 806 4455 874 4504; x_wconf 89' lang='lat' dir='ltr'>cultu</span> <span class='ocrx_word' id='word_1_200' title='bbox 892 4471 916 4520; x_wconf 90' lang='lat' dir='ltr'>p.</span> <span class='ocrx_word' id='word_1_201' title='bbox 930 4455 961 4503; x_wconf 81' lang='lat'>46</span> <span class='ocrx_word' id='word_1_202' title='bbox 980 4471 1015 4519; x_wconf 89' lang='grc'>66.</span> 
     </span>
    </p>
   </div>
   <div class='ocr_carea' id='block_1_8' title="bbox 0 0 1682 5262">
    <p class='ocr_par' dir='ltr' id='par_1_10' title="bbox 0 0 1682 5262">
     <span class='ocr_line' id='line_1_27' title="bbox 0 0 1682 5262; baseline 0 0"><span class='ocrx_word' id='word_1_203' title='bbox 0 0 1682 5262; x_wconf 95' lang='lat' dir='ltr'> </span> 
     </span>
    </p>
   </div>
  </div>
 </body>
</html>
