3350 5264
892 483 956 548 108

381 673 490 737 ferunt
519 667 674 752 exempla.
709 667 864 753 Legimus
895 665 980 752 apud
1002 664 1180 742 Platonem,
1206 663 1253 730 De
1275 687 1309 730 re
1332 667 1407 751 pub.
1429 666 1471 750 X,

380 815 411 878 p.
445 789 622 856 ort-621
653 788 749 854 llrem
780 809 896 874 genere
923 786 1156 874 Pamphylium
1178 808 1252 852 cum
1275 787 1474 852 occubuisset

380 916 414 979 in
436 911 566 997 proelio,
586 909 720 975 sublatis
742 909 863 974 decimo
883 909 933 974 die
953 908 1159 975 cadaveribus
1178 911 1344 1012 corruptis,
1365 911 1474 993 ipsum

382 1037 548 1120 integrum
579 1029 743 1096 sublatum
774 1031 969 1115 domumque
1000 1036 1198 1116 reportatum
1226 1033 1354 1116 iamque
1377 1053 1474 1119 pyrae

385 1157 577 1239 impositum
610 1155 762 1218 revixisse
797 1173 938 1237 quaeque
972 1159 1079 1217 mente
1113 1173 1131 1217 a
1162 1153 1305 1218 sensibus
1338 1153 1475 1220 alienata

380 1275 523 1353 vidisset,
542 1296 584 1340 sc.
602 1295 718 1360 poenas
735 1274 958 1339 damnatorum
977 1277 1218 1360 animarumque
1236 1277 1473 1361 migrationem,

381 1418 560 1481 enarrasse;
593 1396 678 1482 apud
707 1396 929 1474 Plutarchum,
959 1394 1007 1460 De
1031 1417 1089 1461 ser.
1114 1418 1203 1461 num.
1228 1397 1314 1462 vind.
1339 1397 1473 1463 20-22

379 1541 442 1585 non
472 1519 568 1605 longe
600 1519 725 1583 diversa
756 1518 794 1583 de
824 1517 994 1604 Thespesio
1024 1517 1146 1583 Solensi
1168 1517 1318 1605 legimus.
1354 1516 1474 1604 Apoco

381 1641 524 1728 calypses
547 1661 565 1706 a
588 1638 778 1706 Christianis
802 1661 864 1705 non
887 1643 933 1705 ita
958 1639 1070 1705 multis
1094 1642 1184 1705 annis
1207 1646 1279 1705 ante
1299 1639 1473 1726 Apuleium

381 1767 582 1850 conscriptae,
618 1765 681 1828 huc
715 1763 814 1828 ferme
845 1763 987 1841 redeunt,
1018 1768 1055 1827 ut
1086 1762 1217 1847 quidam
1247 1784 1286 1828 ex
1316 1762 1474 1850 theologis

381 1886 435 1952 vel
458 1907 497 1951 ex
521 1883 670 1971 apostolis
694 1887 748 1962 „in
771 1885 909 1970 spiritu''
933 1886 1052 1951 inferas
1075 1906 1124 1950 res
1147 1905 1183 1950 ac
1206 1883 1355 1950 coelestes
1375 1884 1476 1970 adspi-

385 2011 457 2084 ciat,
490 2008 528 2072 cf.
558 2006 775 2094 Apocalypsin
804 2006 964 2084 Iohannis,
989 2005 1205 2093 Apocalypses
1228 2007 1424 2092 apocryphas
1439 2004 1475 2086 l),

383 2128 614 2215 Fragmentum
647 2129 782 2214 denique
812 2128 1048 2215 Apocalypseos
1071 2128 1159 2195 Petri
1182 2131 1290 2214 paucis
1312 2131 1402 2194 annis
1426 2129 1477 2195 ah

383 2253 457 2317 hinc
480 2256 644 2337 repertum
657 2250 695 2334 ²).

425 2371 469 2437 Et
499 2372 538 2436 ab
571 2370 679 2436 Isiacis
710 2373 874 2457 mysteriis
905 2370 1062 2436 eiusmodi
1094 2373 1233 2437 visiones
1265 2371 1383 2438 alienas
1414 2395 1476 2438 non

381 2495 481 2558 fuisse
522 2513 596 2558 cum
638 2493 785 2575 opinions
828 2511 1030 2576 praesumere
1071 2490 1164 2572 licet,
1213 2497 1284 2556 tum
1325 2492 1475 2557 Aristidis

381 2615 565 2680 testimonio
594 2611 808 2678 confirmatur.
844 2611 981 2698 Scilicet,
1007 2621 1045 2677 ut
1067 2615 1213 2698 proxima
1236 2615 1475 2680 observavimus

382 2736 591 2822 paragrapho,
616 2739 648 2799 et
677 2734 751 2800 deos
780 2735 996 2821 Aegyptiacos
1026 2737 1061 2798 in
1092 2737 1225 2800 somniis
1254 2738 1316 2820 ipsi
1346 2737 1476 2802 obviarn

383 2857 482 2922 iactos
513 2855 670 2921 auxilium
702 2855 814 2921 tulisse
844 2855 990 2934 affirmat,
1023 2855 1109 2921 Orat.
1142 2855 1227 2921 Sacr.
1252 2855 1307 2942 HL
1333 2879 1364 2942 p.
1390 2856 1474 2922 500:

385 2977 506 3057 ἐγένετο
538 2977 568 3042 δὲ
601 2978 652 3043 sal
685 2983 750 3058 Φῶς
783 2979 869 3057 παρὰ
900 2986 954 3052 τῆς
983 2976 1095 3050 Ἴσιδος
1127 2977 1178 3041 καὶ
1211 2972 1300 3057 ἕτερα
1330 2977 1475 3055 ἀμύθητοι

384 3099 517 3182 φέροντα
547 3100 589 3170 εἷς
621 3099 780 3177 σωτηρίαν.
817 3097 917 3180 ἐφάνη
950 3097 981 3162 δὲ
1011 3099 1062 3162 καὶ
1095 3099 1108 3162 ὃ
1133 3097 1275 3178 Σάραπις
1299 3108 1355 3175 τῆς
1379 3101 1476 3174 αὐτῆς

385 3221 501 3300 νυκτός,
534 3217 605 3298 ἅμα
628 3219 722 3292 αὑτάς
746 3243 781 3284 τε
806 3222 857 3284 καὶ
883 3221 897 3286 d
921 3217 1122 3298 Ἀσκληπιός,
1146 3219 1318 3297 θαυμαστοὶ
1342 3221 1376 3285 τὸ
1402 3219 1477 3285 κάλ-

384 3359 436 3414 λος
472 3341 523 3407 xci
556 3341 591 3406 τὸ
614 3342 743 3422 μέγεθος
767 3341 822 3407 καί
841 3365 909 3406 τινα
933 3339 1041 3421 τρόπον
1066 3342 1213 3416 &Atriam
1239 3342 1380 3423 ἐμφερεῖς
1405 3357 1475 3409 κτλ.

385 3463 447 3530 sed
478 3466 648 3550 imprimis,
681 3485 761 3550 quae
792 3462 887 3550 paulo
918 3463 1050 3528 inferius
1073 3467 1188 3540 narrat,
1214 3462 1385 3550 diligenter
1409 3485 1479 3531 exa-

386 3587 536 3654 minanda
573 3593 662 3652 sunt:
696 3587 776 3652 πολὺ
807 3586 839 3651 δέ
869 3611 898 3652 τι
928 3586 1041 3652 τούτων
1070 3584 1304 3666 Φρικωδέστερον
1334 3583 1403 3667 εἶχε
1435 3587 1478 3652 τὰ

385 3711 482 3789 χρόνῳ
497 3790 500 3798 λ
515 3706 635 3788 ὕστερον
665 3708 831 3790 spartium,
863 3707 893 3770 ἐν
923 3702 967 3780 οἷς
991 3704 1029 3771 ai
1047 3731 1080 3771 τε
1106 3706 1140 3782 tt
1165 3710 1317 3785 κλίμακες
1342 3705 1418 3783 ἦσαν
1443 3711 1476 3774 ci

386 3831 420 3896 vd
454 3832 527 3912 ὑπὲρ
558 3839 618 3908 γῆς
650 3855 684 3895 τε
708 3830 759 3896 καὶ
785 3830 842 3895 ὑπὸ
867 3837 925 3908 γῆς
950 3827 1158 3910 adoptionem,
1183 3829 1235 3894 xci
1260 3827 1477 3910 rdixoeripedr

387 3951 496 4034 κράτος
521 3957 574 4018 τοῦ
598 3953 673 4036 θεοῦ,
698 3951 750 4017 καὶ
776 3947 864 4032 ἕτερα
889 3949 1036 4029 ἔκπληξιν
1059 3952 1240 4030 θαυμαστὴν
1262 3951 1406 4031 Φέρονται,
1425 3950 1476 4015 καὶ

420 4217 445 4278 l)
462 4215 623 4280 Apocalypscs
641 4213 790 4279 apocryphas
807 4213 885 4262 edidit
900 4212 1080 4261 Trscunruronr
1098 4227 1120 4259 a.
1139 4210 1210 4260 leco.

419 4299 443 4360 Β)
466 4298 635 4364 Apocalypscn
651 4297 790 4346 Petrianam
810 4295 887 4345 edidit
904 4293 1041 4342 Hennaeis.
1058 4291 1133 4342 Texta
1150 4309 1174 4342 u.
1192 4291 1410 4356 Untersuchungen
1426 4290 1478 4339 hcr-

388 4396 455 4445 ausg.
479 4397 502 4432 r.
526 4381 583 4429 Osc.
605 4393 629 4430 v.
653 4380 794 4428 Gramanr
818 4395 842 4428 u.
865 4379 912 4426 An.
935 4375 1064 4424 Hirrrsr
1080 4375 1123 4435 IX,
1142 4375 1165 4426 2.
1184 4374 1221 4426 Of.
1239 4381 1263 4425 et
1279 4376 1308 4424 A.
1326 4374 1477 4433 Dmrraron,

385 4463 477 4528 Nclrya.
