3354 5262
724 487 765 555 57

201 671 218 736 1
249 673 315 736 ritu
345 672 486 757 magicos
508 673 541 734 iu
564 670 761 736 divinatione
786 671 989 758 ‚,dieciplinas
1013 673 1186 761 mysticae'’
1211 694 1289 738 nun-

198 799 301 879 cupat.
338 791 469 860 Servius
501 793 540 857 ad
571 789 699 879 Georg„
731 791 783 876 IV,
810 792 892 858 503:
916 795 1069 880 mysticam
1091 801 1151 858 eat:
1175 794 1288 859 dicitur

196 915 272 981 οννάνον
304 914 348 978 bia
382 916 503 978 eoadem
537 915 666 978 υννάναννν
701 937 820 980 euocasse
849 939 908 980 που
938 917 1036 983 licere.
1074 917 1175 1004 Sagae
1207 938 1289 982 mor-

196 1042 290 1107 tuum
313 1039 475 1103 evocantis
498 1035 653 1102 miracula
673 1041 825 1117 ριυστήρια
846 1044 939 1104 vocat
958 1038 1159 1118 Heliodorus,
1181 1039 1287 1105 Aetha

196 1157 249 1235 Vl,
283 1157 334 1222 15.
370 1156 407 1222 In
438 1159 568 1244 papyris
599 1159 734 1244 magicis
766 1159 822 1243 qui
850 1158 970 1224 scilicet
999 1162 1076 1224 artis
1104 1161 1288 1246 theurgicae

198 1282 359 1346 continent
399 1284 583 1366 praccepta,
627 1282 888 1346 caerimoniarum
926 1283 1138 1367 mysticarum
1171 1283 1289 1367 passim

201 1405 370 1466 occurrunt
401 1403 540 1466 nomina.
571 1400 648 1487 Pap.
675 1401 745 1466 Par.
773 1399 877 1466 1596:
899 1399 980 1465 ἔστιν
1002 1400 1033 1466 δὲ
1057 1403 1142 1467 κατά
1167 1402 1289 1466 πάντων

202 1524 314 1597 τελετή
343 1519 411 1597 ἥδε·
435 1523 507 1600 πρὸς
530 1519 612 1597 ἥλιον
634 1522 744 1600 λόγος·
769 1523 977 1602 ἐπικαλοῦμαι
1001 1548 1047 1602 σε,
1071 1523 1121 1588 τὸν
1144 1523 1290 1601 μέγιστον

202 1645 265 1710 θεὸν
300 1661 370 1710 ιιτλ.
404 1644 490 1710 Libr.
525 1665 627 1730 apocr.
664 1644 759 1710 Mois.
775 1643 798 1725 ¹)
835 1644 893 1708 Ed.
930 1645 1030 1711 Dietr.
1067 1669 1098 1732 p.
1136 1644 1216 1727 172,
1251 1643 1288 1709 2:

202 1765 257 1846 πρὸ
287 1764 379 1831 εἴκοσι
411 1769 485 1843 ροιάρ
519 1765 633 1844 ἡμέρας
666 1773 719 1839 τῆς
752 1774 896 1850 τελετῆς,
928 1789 959 1852 p.
991 1764 1064 1844 187,
1090 1767 1149 1832 12:
1174 1768 1289 1847 πλήρης

202 1889 218 1962 ή
253 1889 366 1961 τελετή
400 1893 454 1961 τῆς
492 1886 630 1960 Μυνάδος
663 1875 875 1974 προσεφυνήάη
908 1911 963 1966 σοι,
997 1888 1117 1966 τέκνον,
1149 1910 1178 1974 p.
1215 1886 1290 1968 173,

205 2009 264 2074 12:
305 2010 331 2074 εἰ
371 2011 414 2088 μή
457 2010 519 2090 γάρ
560 2008 671 2082 αὐτοὺς
706 2015 761 2088 (sc.
797 2010 951 2096 quosdam
986 2009 1120 2076 deorum
1154 2010 1291 2093 ordines)

203 2130 334 2213 νιαλέοη,
366 2131 419 2195 οὐκ
452 2131 631 2196 ἐπακούουσι
655 2133 692 2203 cic
717 2131 956 2211 άμυστηριάστῳ
980 2133 1024 2197 σοὶ
1050 2132 1234 2218 ὑπάρχοντι,
1259 2154 1290 2218 p.

205 2251 279 2330 180,
314 2251 376 2317 19:
408 2238 505 2331 άρξοιι-
530 2251 560 2318 δὲ
590 2253 694 2330 λέγειν
725 2289 768 2302 -
791 2253 825 2318 τὸ
850 2254 1011 2331 μυστήριον
1035 2259 1087 2318 τοῦ
1113 2254 1188 2318 θεοῦ.
1212 2254 1290 2339 Pap.

204 2373 241 2438 V.
273 2373 332 2438 Ed.
364 2373 528 2439 Ireemans.
559 2373 618 2438 col.
652 2373 688 2438 3⁸
719 2373 780 2439 21:
813 2373 944 2455 ἐδωρήσω
977 2376 1032 2449 τήν
1062 2379 1114 2438 τοῦ
1140 2375 1291 2452 μεγίστου

204 2498 313 2560 'oveco
343 2502 463 2581 γνῶσιν,
497 2485 530 2567 ἣν
561 2496 613 2560 nal
641 2495 756 2575 τηρήσω
781 2495 894 2574 άγνῶς,
917 2494 1022 2573 μηδενὶ
1048 2494 1242 2574 μεταδιδούς,
1265 2496 1291 2562 εἰ

203 2618 248 2694 μή
291 2624 355 2688 τοῖς
384 2607 457 2688 σοῖο
498 2615 698 2692 ου’μριάσσοιις
740 2616 782 2687 εἰς
815 2617 886 2699 τά[ο
922 2618 993 2700 ο]άρ
1031 2617 1111 2696 ἱεράς
1148 2616 1292 2688 τελετάς.

203 2736 440 2823 Neoplatonici,
483 2737 541 2802 ubi
578 2738 745 2823 theurgiae
781 2736 902 2802 faciunt
937 2739 1153 2815 mentionem,
1187 2738 1295 2803 verbis

202 2865 339 2924 utuntur
369 2879 386 2924 e
416 2880 450 2923 re
480 2861 618 2944 mystica
649 2858 835 2944 desumptis.
872 2857 979 2923 Multa
1009 2859 1073 2924 huc
1104 2861 1294 2944 pertinentia

204 2981 343 3058 hasnon,
376 2982 428 3044 cui
455 2979 606 3044 nonnulla
635 2985 668 3045 et
698 2980 794 3045 huius
818 2982 1067 3044 enumerationis
1093 2978 1201 3056 debeo,
1226 3000 1295 3044 con·

203 3101 290 3184 tulit,
323 3099 397 3188 Agl.
421 3098 477 3165 lib.
502 3099 518 3164 Ι
540 3099 613 3182 §13
637 3105 668 3166 et
695 3100 747 3185 14,
772 3123 789 3166 e
812 3101 926 3186 quibus
950 3099 1087 3166 sufficiat
1110 3121 1212 3166 unum
1235 3100 1293 3165 hoc

203 3222 330 3309 Synesii
352 3221 491 3300 laudare,
508 3221 563 3288 ¹De
586 3224 753 3288 insomniis
776 3245 807 3308 p.
829 3221 930 3288 144a:
960 3220 1034 3287 ἔνιαι
1063 3224 1122 3286 τῶν
1150 3220 1200 3285 ἐπὶ
1226 3243 1294 3301 προ-

204 3343 313 3420 γνάσει
333 3349 465 3407 τελετῶν
485 3344 555 3414 τοὺς
580 3342 764 3422 1εροΦάντας
790 3377 831 3390 -
856 3343 918 3408 άπὸ
941 3344 997 3407 τῶν
1022 3342 1180 3421 μεγίστων
1200 3365 1292 3419 τιμη-

203 3465 310 3540 μάτων
341 3465 495 3543 αἱροῦνται
529 3469 711 3547 (operosum
741 3467 930 3547 apparatum
961 3467 1141 3549 requirnnt)
1172 3465 1224 3529 xci
1250 3464 1298 3530 δεῖ

205 3585 343 3659 δαπάνης
383 3592 502 3676 Ὶσυχνῆς
539 3583 590 3646 καὶ
627 3583 726 3662 τύχης
762 3584 950 3660 συγκομίσαι
986 3592 1127 3662 Κρήσσαν
1159 3584 1293 3662 βοτάνην

207 3707 257 3772 καὶ
300 3705 409 3786 πτερὸν
445 3704 615 3782 Αἰγύπτιον
651 3706 702 3769 καὶ
739 3705 838 3769 ὀστέον
875 3706 1032 3784 Ἰβηρικόν.
1081 3706 1190 3792 Neque
1224 3706 1295 3772 aliis

206 3813 378 3893 utebantur
408 3825 673 3912 appellationibus
704 3825 883 3914 Byzantini.
918 3826 955 3891 In
984 3827 1146 3914 opusculo
1173 3831 1293 3914 inquo

212 4007 381 4020 *ἢ-

243 4132 267 4193 l)
289 4130 379 4192 Βίβλος
402 4129 453 4190 ἱερὸν
475 4124 656 4187 ἐπικαλουμένη
680 4126 755 4187 μονάς
777 4124 792 4183 li
815 4123 890 4187 ὀγδόη
907 4122 1023 4184 Μουσένις
1041 4125 1096 4188 περὶ
1113 4129 1159 4176 rat
1176 4128 1297 4190 ὀνόματος

209 4216 255 4262 τοῦ
271 4212 352 4275 άγιοή.
372 4211 432 4261 Usus
449 4227 502 4260 aum
519 4210 651 4259 recentiore
668 4209 782 4266 editione,
799 4224 872 4272 quam
888 4209 917 4257 Δ.
935 4208 1079 4258 Dmrumou
1096 4211 1203 4275 egregias
1218 4212 1298 4276 dispu-

208 4296 296 4346 tationi
317 4296 346 4345 dc
371 4295 468 4344 Abrsxo
492 4293 589 4354 adiecit,
614 4293 672 4342 Abr.
694 4308 717 4356 p.
742 4289 880 4343 lot-205.
902 4292 1010 4342 Primam
1033 4292 1163 4343 editionem
1185 4293 1297 4356 praebuit

211 4378 335 4428 Lucrinus
358 4377 383 4426 in
405 4377 481 4440 „Pap
503 4377 543 4426 Gr.
561 4375 626 4425 Mna.
647 4376 703 4425 snt.
721 4374 782 4424 Pub.
799 4374 859 4439 Lug.
877 4375 988 4434 Batav.’',
1005 4381 1063 4425 tom.
1081 4376 1115 4433 II,
1133 4392 1157 4440 p.
1174 4373 1297 4434 17-198,

210 4461 327 4511 ubilibet
344 4460 387 4510 ille
403 4459 488 4510 Moieis
506 4459 565 4525 Pap.
581 4459 619 4510 W.
636 4465 795 4524 nuncupatur.
