3350 5264
751 1567 1013 1659 uriuuuaonr
1036 1592 1092 1658 ur.

686 1803 730 1869 ad
753 1807 775 1892 ᾗ
797 1803 835 1869 21
858 1823 893 1888 p.
917 1803 976 1868 132
999 1803 1078 1870 adn.
1102 1803 1150 1892 4).
1213 1801 1214 1806 ’

415 2019 629 2104 Aegyptiacos
664 2037 777 2102 magos
807 2015 860 2082 vel
891 2015 1097 2102 vigilantium
1129 2037 1238 2081 sensus
1269 2019 1314 2081 sic
1346 2015 1468 2081 afficere
1520 2070 1522 2076 .

369 2141 520 2224 potuisse,
555 2145 592 2203 nt
626 2160 663 2203 ea
694 2159 727 2202 se
758 2139 866 2203 videre
897 2138 1070 2214 crederent,
1104 2159 1184 2224 quae
1215 2160 1248 2204 re
1280 2159 1355 2203 vera
1378 2137 1468 2202 nulla

370 2265 483 2342 essent,
507 2260 591 2345 apud
614 2263 759 2345 antiquos
782 2259 867 2324 fama
886 2259 1015 2325 ferebat.
1037 2258 1164 2324 Heliod.
1187 2260 1280 2324 Aeth.
1301 2259 1361 2336 III,
1385 2257 1425 2322 16
1443 2258 1467 2338 ¹)

371 2381 387 2454 ἡ
412 2381 541 2458 γοητείαν
564 2380 687 2466 perficit
709 2382 888 2460 Φοντοοοίοις
914 2387 972 2445 τῶν
996 2383 1040 2457 μὴ
1060 2379 1148 2444 ὄντων
1171 2381 1206 2453 ὡς
1228 2380 1328 2446 ὄντων.
1354 2381 1467 2460 Quaes-

368 2505 495 2567 tionum
519 2501 557 2566 ad
581 2501 779 2567 Orthodoxos
804 2505 948 2588 scriptor,
973 2506 1118 2589 quisquis
1142 2503 1213 2581 fuit,
1241 2541 1282 2552 —-
1306 2504 1464 2568 Iustinum

369 2623 550 2711 Martyrem
577 2631 660 2688 certe
683 2644 757 2688 eum
782 2644 844 2688 non
867 2624 964 2688 fuisse
988 2627 1064 2688 satis
1089 2630 1277 2689 constat-
1301 2622 1464 2700 miracula,

368 2765 448 2830 quae
472 2746 663 2831 Aegyptiaci
687 2744 777 2822 οοφοί
799 2745 924 2830 Moysis
949 2767 984 2810 ac
1009 2745 1141 2810 Aaronis
1162 2752 1354 2832 opponerent
1373 2748 1466 2810 mira-

368 2865 448 2930 culis
461 2864 497 2946 Ι),
523 2865 561 2930 ad
585 2865 740 2930 eiusmodi
760 2869 947 2952 praestigias
967 2867 1073 2944 refert,
1097 2866 1155 2946 Qu.
1181 2867 1241 2932 26:
1266 2867 1318 2932 xci
1344 2867 1386 2930 cci
1409 2867 1466 2942 μὲν

369 2985 426 3052 ὑπὸ
457 2986 589 3056 Mereor
620 2987 773 3064 γενόμενοι
808 2988 968 3066 caepere,
1000 2985 1058 3054 οἵτε
1083 2989 1165 3052 κοντοὶ
1191 2991 1245 3062 τὴν
1269 2989 1351 3053 θείαν
1375 3012 1466 3066 γεγε-

368 3107 484 3182 ννμὲνοο
525 3105 679 3186 ἐνέργειαν
715 3108 800 3173 κοντοὶ
834 3109 1016 3186 μεταβολὴν
1051 3110 1219 3188 γεγένηται
1256 3111 1377 3188 Φύσεως
1412 3113 1464 3174 τοῦ

368 3227 561 3306 προκειμένου
593 3231 634 3301 εἷς
667 3232 721 3305 τὴν
753 3231 847 3312 φύσιν
870 3235 922 3296 τοῦ
947 3231 1179 3307 ἕκτελουμένου·
1204 3233 1246 3296 τὰ
1271 3231 1302 3295 δὲ
1326 3231 1383 3296 ὑπὸ
1407 3237 1465 3296 τῶν

368 3349 513 3416 ἕτοοοοδῶν
543 3350 696 3429 γενόμενον
725 3353 809 3418 κοντοὶ
833 3354 897 3427 τὴν
912 3353 1063 3432 ἐνέργειαν
1087 3352 1208 3429 ἐγένετο
1233 3351 1380 3428 δαιμόνων
1405 3355 1463 3418 τῶν

368 3473 616 3554 Φοοντοοοοιμένυν
649 3476 708 3547 τὰς
740 3473 824 3554 ὄφεος
855 3482 914 3540 τῶν
945 3476 1072 3554 ὁρώντων
1097 3474 1147 3538 τὸν
1171 3475 1214 3550 μὴ
1238 3473 1308 3554 ὅφιν
1331 3476 1400 3554 ὀροῖν
1424 3477 1460 3548 ὥς

366 3592 435 3674 ὅφιν
468 3595 518 3660 xci
550 3595 584 3660 τὸ
615 3599 659 3673 μὴ
690 3592 772 3674 οἷμον
805 3599 841 3669 ὥς
874 3591 957 3672 οἶμοι
981 3597 1031 3662 aa)
1056 3595 1124 3667 τοὺς
1150 3598 1193 3672 μὴ
1218 3596 1399 3678 βατράχους
1424 3599 1462 3668 ὥς

366 3716 558 3798 βατράχους.
599 3718 763 3798 Quomodo
804 3724 913 3784 autem
948 3718 1115 3784 daemones
1147 3718 1354 3804 diabolusque
1385 3719 1465 3784 falsa

366 3839 443 3904 haec
474 3839 610 3905 efficient
642 3840 806 3918 miracula,
839 3838 1019 3928 Cyprianus
1049 3861 1165 3924 magus
1194 3843 1228 3903 in
1252 3838 1464 3918 Confessione,

366 3981 462 4046 quam
490 3961 562 4046 §15
585 3984 616 4047 p.
642 3961 685 4026 88
710 3984 755 4048 sq.
781 3962 961 4040 attulimus,
986 3961 1058 4026 data
1083 3981 1178 4046 opera
1201 3965 1339 4046 exponit,
1363 3963 1406 4026 ib.
1428 3960 1464 4027 5:

366 4083 417 4148 nai
454 4083 517 4164 γὰρ
554 4084 583 4148 ἕν
615 4089 709 4166 τοῖσιν
741 4085 860 4165 ἄστροις
896 4083 947 4148 καὶ
980 4086 1009 4148 ἐν
1040 4091 1160 4165 (porois,
1195 4082 1246 4147 xci
1272 4085 1301 4148 ἐν
1325 4091 1386 4155 τοῖς
1410 4089 1463 4149 τοῦ

399 4418 423 4479 1)
440 4417 515 4466 Plura
533 4434 559 4466 er
575 4417 621 4466 hac
637 4415 790 4481 paragrapho
809 4415 937 4464 attulimus
955 4416 1006 4477 §15
1023 4430 1048 4478 p,
1065 4415 1097 4462 84
1115 4414 1170 4462 adn.
1189 4415 1220 4476 1).

397 4499 421 4560 2)
437 4499 513 4549 Exeo.
532 4498 546 4550 7
564 4515 599 4564 sq.
617 4498 654 4549 Of.
672 4504 697 4548 ot
713 4498 754 4547 hic
772 4497 862 4557 Srona,
877 4497 949 4561 Sngg.
967 4513 991 4546 u.
1008 4496 1089 4560 Hypn.
1107 4495 1163 4547 271.
