3350 5264
697 1344 718 1427 s
738 1342 787 1408 ιι.

241 1529 310 1594 Iam
332 1531 366 1593 in
389 1528 487 1593 Isiaoa
510 1549 607 1610 sacra,
631 1549 770 1614 quonam
794 1529 889 1593 modo
912 1530 1036 1613 etipsa
1058 1549 1133 1593 oum
1155 1530 1292 1614 magicis

198 1653 366 1716 coniuncta
395 1650 514 1714 fuerint
545 1651 677 1726 artibus,
708 1652 919 1734 inquiramus.
960 1648 1022 1714 Sed
1052 1653 1224 1735 antequam
1255 1649 1294 1714 de

200 1771 315 1849 teletis,
339 1772 454 1857 quibus
473 1773 618 1836 initiatus
637 1777 686 1835 est
705 1770 871 1856 Apuleius,
893 1771 1104 1857 disputemus,
1125 1771 1163 1837 de
1182 1770 1295 1837 solem-

200 1897 294 1960 nibus
324 1896 489 1980 mysticis,
514 1914 593 1978 quae
625 1899 747 1958 veteres
778 1893 978 1958 celebrabant
1007 1896 1171 1980 Aegyptii,
1195 1913 1295 1978 pauca

200 2016 370 2102 praefanda
399 2021 483 2079 sunt.
515 2014 587 2080 Non
618 2017 704 2081 enim
736 2036 811 2079 curn
844 2015 992 2079 omnibus
1023 2035 1132 2080 omnes
1163 2014 1201 2078 de
1233 2015 1295 2079 diis

202 2137 380 2221 deabusque
414 2134 538 2200 fabulas
568 2137 818 2200 communicasse
849 2135 1033 2212 sacerdotes,
1066 2134 1120 2200 sed
1144 2134 1296 2220 quasdam

201 2261 241 2323 iis
282 2264 427 2334 tantum,
471 2277 549 2341 quos
588 2256 745 2321 eiusmodi
779 2259 875 2321 sacris
911 2256 1025 2342 dignos
1061 2257 1296 2333 existimarent,

201 2400 387 2456 reservasse,
411 2381 495 2444 inter
518 2378 760 2464 Aegyptologos
782 2381 888 2463 magis
911 2380 1079 2464 magisque
1099 2379 1246 2442 convenit
1274 2383 1296 2457 ).

203 2501 250 2566 De
286 2500 434 2565 Osiriacis
465 2505 549 2565 oerte
580 2503 745 2586 mysteriis
775 2498 977 2588 luculentum
1008 2505 1112 2565 exstat
1142 2499 1298 2565 Herodoti

203 2624 437 2698 testimonium,
473 2621 557 2706 quod
591 2621 708 2686 frustra
741 2621 903 2686 infirmare
935 2627 1066 2694 conatus
1097 2627 1146 2687 eet
1173 2622 1298 2687 Wraoa·

204 2743 345 2824 usrul).
381 2745 486 2828 Atque
509 2765 548 2808 ex
571 2741 640 2809 loco
664 2742 732 2821 illo,
758 2764 853 2828 quem
876 2763 972 2828 supra
994 2745 1024 2827 (ᾗ
1040 2743 1094 2824 10)
1116 2743 1296 2819 attulimus,

202 2865 392 2944 Herodoteo,
424 2871 565 2952 apparet,
597 2867 753 2952 mysteria
775 2864 831 2930 illa
855 2864 995 2930 solemne
1018 2865 1126 2941 fuisse,
1152 2865 1191 2930 ad
1215 2863 1297 2950 quod

203 3007 266 3051 non
290 2985 409 3072 vulgus
432 2985 561 3071 quidem
584 2985 761 3061 hominum,
786 2985 840 3050 sed
863 2985 1005 3070 plerique
1025 2989 1132 3050 tamen
1152 2985 1297 3050 admitte-

203 3114 324 3173 rentur.
361 3107 530 3172 Praeterea
565 3099 684 3193 exiguo
715 3109 917 3173 initiatorum
948 3129 1082 3173 numero
1111 3110 1297 3173 interiorem

203 3227 382 3293 fabularum
415 3249 553 3305 sensum,
586 3229 825 3312 doctrinamque
855 3228 1013 3314 quandam
1045 3227 1297 3314 philosophicam

204 3372 271 3417 esse
290 3351 449 3427 traditam,
471 3355 503 3415 et
521 3353 605 3415 inter
625 3352 792 3435 scriptores
812 3353 957 3435 antiquos
972 3351 1007 3431 ³),
1028 3354 1060 3414 et
1078 3352 1297 3414 internostrae

239 3594 262 3653 1)
285 3593 407 3650 unusne,
431 3592 554 3654 Aegypton
578 3590 627 3638 nnd
651 3589 822 3654 Acgyptischas
845 3589 926 3638 Laban
944 3589 977 3638 im
996 3590 1126 3649 Altartnm,
1143 3596 1202 3639 tom.
1220 3590 1254 3648 II,
1273 3606 1297 3655 p.

205 3676 252 3724 358
275 3692 318 3740 sq.‚
343 3673 403 3733 37st
424 3675 451 3721 11.
472 3674 573 3731 Murra,
591 3671 734 3720 Gcechichte
751 3673 792 3720 des
810 3673 875 3721 alten
894 3674 1038 3737 Aegyptam,
1056 3689 1079 3737 p.
1100 3673 1131 3725 18
1138 3694 1145 3731 3
1164 3670 1298 3732 Murano,

205 3757 268 3806 Hist.
287 3773 339 3807 ano.
357 3757 379 3806 d.
398 3757 478 3820 peupl.
498 3755 521 3804 d.
540 3755 599 3804 l'Or.
618 3755 656 3812 ο1.,
674 3761 731 3802 tom.
750 3754 771 3813 l,
789 3771 811 3818 p.
832 3756 887 3803 510.

239 3841 263 3900 2)
289 3840 465 3896 wimannus,
488 3838 577 3886 Herod.
600 3853 642 3885 rw.
665 3837 701 3894 Β.,
724 3853 748 3901 p.
768 3837 823 3895 592,
847 3838 877 3885 cl.
895 3842 920 3885 et
937 3836 1044 3884 eiusdem
1062 3836 1174 3895 auctoris,
1192 3835 1238 3884 Dio
1255 3835 1299 3885 Re·

204 3923 280 3987 ligion
304 3925 346 3972 der
363 3924 429 3972 alten
448 3926 575 3986 Aegyptsr,
593 3938 616 3985 p.
637 3921 683 3969 108
701 3937 735 3984 sq.
753 3920 844 3968 Contra
861 3919 990 3980 Foucnnr,
1007 3921 1081 3970 Μόνη.
1099 3921 1128 3969 da
1145 3921 1239 3969 l’Acad.
1257 3921 1298 3970 des

206 4005 281 4054 Insor.
298 4014 356 4054 tom.
375 4004 460 4054 XXXV
480 4006 528 4052 2³1⁰
546 4011 618 4067 part,
636 4018 660 4066 p.
678 4001 784 4050 34-36.
1075 4009 1078 4016 “

240 4090 264 4147 11)
288 4089 364 4138 Olem.
382 4089 451 4136 Alex.
468 4088 555 4136 Str-om.
574 4084 603 4145 V,
620 4101 644 4149 p.
663 4084 718 4142 670,
736 4084 774 4133 ed.
792 4085 859 4134 Pet:
878 4082 1013 4146 Αίγθπτιοι
1031 4083 1058 4132 ot
1076 4085 1129 4142 τοῖς
1147 4082 1298 4147 ἐπιτυχοῦσι

206 4172 240 4220 rc
259 4172 325 4232 παρὰ
343 4170 427 4232 σφίσιν
446 4167 583 4218 ἀνετίθεντο
602 4163 735 4228 μυστήρια,
755 4163 809 4214 otta
827 4165 874 4225 μὴν
893 4163 1009 4228 βεβήλοις
1027 4166 1072 4222 τὴν
1089 4170 1138 4214 τῶν
1155 4165 1219 4215 θείαν
1235 4163 1300 4222 {idn-

207 4272 245 4302 σιν
269 4251 387 4318 ἐξέφερον,
411 4252 471 4301 ἀλλ’
494 4251 508 4310 ll
532 4253 612 4312 μθνοις
633 4265 665 4312 γε
687 4249 741 4306 τοῖς
760 4247 896 4308 μέλλουσιν
914 4247 956 4297 ἐπὶ
974 4249 1104 4310 βασιλείαν
1123 4246 1239 4309 προϊέναι,
1257 4246 1299 4296 nal

206 4339 255 4382 τῶν
281 4334 360 4396 ίερίοιν
383 4335 436 4392 τοῖς
459 4333 569 4395 κριθεῖσιν
593 4329 653 4381 εἶναι
675 4329 855 4391 δοκιμωτάτοις
879 4330 930 4380 dart
953 4349 983 4380 τε
1006 4334 1052 4390 τῆς
1075 4333 1168 4394 τρνφθθ
1191 4329 1234 4378 καῖ
1255 4332 1300 4388 τῆς

206 4413 319 4473 παιδείας
341 4416 383 4465 καὶ
405 4419 450 4465 τοῦ
473 4414 564 4479 γένους.
591 4414 628 4463 Ol.
652 4421 676 4462 et
699 4413 765 4477 Orig.
791 4413 818 4462 0.
842 4413 1064 4474 celr.1,12,111‚
1083 4415 1122 4474 la,
1140 4413 1185 4472 IV,
1202 4413 1242 4472 88,
1259 4412 1299 4462 Pe.

206 4498 304 4558 lambl,
320 4499 356 4547 De
374 4507 444 4564 myst.
462 4499 519 4557 1111,
537 4497 608 4546 1-3.
853 4503 854 4506 ’
