3350 5264
907 479 971 546 128

394 667 564 736 Ἐλευσῖνος
586 662 747 742 cacam
770 686 833 729 non
857 668 977 728 statuas
996 663 1128 728 deorum
1148 662 1203 727 sed
1222 657 1345 747 spectra
1364 657 1483 726 fuisse?

392 783 505 871 ltaque
535 788 570 850 in
598 807 669 850 eam
700 785 852 850 adductos
883 806 950 850 esse
973 791 1096 871 mystas
1120 786 1310 869 opinionem,
1334 789 1372 847 ut
1394 784 1487 868 ipsis·

395 911 475 983 sima
505 910 638 972 numina
668 923 755 972 sacra
777 909 812 971 in
835 912 925 972 nocte
949 927 1016 972 sese
1040 907 1199 992 adspicere
1223 904 1421 982 crediderint,
1446 923 1487 968 ex

396 1050 462 1094 asse
479 1031 670 1093 assentimur
681 1051 713 1093 v.
727 1028 766 1093 cl.
780 1027 816 1094 0.
830 1025 972 1105 Gadara,
987 1025 1190 1093 Griechische
1202 1026 1407 1114 Mythologie
1419 1025 1486 1089 und

396 1149 744 1237 Religionsgeschichte
768 1171 798 1234 p.
825 1148 884 1214 54:
922 1148 990 1227 ,Zu
1012 1149 1118 1214 diesen
1142 1149 1326 1225 οὶγοὶλμοοτοο
1350 1145 1488 1227 (Gattae-

396 1272 533 1352 bildern)
556 1273 692 1337 rechnet.
709 1293 782 1337 man
806 1270 1006 1357 gewdhnlich
1023 1269 1046 1351 ¹)
1070 1271 1151 1334 auch
1169 1270 1219 1334 die
1240 1268 1401 1348 Φάσμωτοο
1422 1267 1489 1334 und

399 1395 450 1458 die
480 1393 718 1473 carrucatam
753 1393 833 1458 doch
856 1393 981 1458 kdnnen
1005 1395 1063 1457 wir
1085 1393 1191 1457 diesen
1216 1391 1385 1457 Ausdruclr
1407 1391 1488 1456 nach

398 1515 629 1604 griechischem
659 1514 939 1601 Sprachgebrauch
971 1514 1069 1578 lraum
1100 1514 1211 1578 anders
1242 1513 1289 1578 als
1319 1535 1382 1579 von
1412 1513 1490 1577 leib-

397 1638 506 1702 111111
536 1635 700 1703 Gestalten
728 1636 783 1701 der
805 1635 969 1700 Damonen
991 1635 1046 1700 der
1068 1634 1209 1700 Erdtiefe
1232 1635 1307 1699 oder
1330 1635 1411 1699 auch
1435 1635 1491 1699 der

399 1751 647 1825 Himmlischen'
663 1759 841 1836 verstohen,
866 1758 995 1835 welche,
1016 1759 1063 1822 sei
1085 1778 1118 1821 es
1141 1757 1239 1824 durch
1262 1757 1313 1822 die
1337 1755 1492 1822 Schlucht

399 1883 453 1948 des
484 1882 628 1960 με’γοοοον,
661 1883 705 1946 sei
740 1901 772 1945 es
803 1881 903 1944 durch
931 1879 986 1944 das
1010 1879 1115 1942 δτοοῐον
1139 1879 1321 1954 kommend,
1346 1900 1408 1943 von
1431 1879 1492 1942 den

404 2002 587 2090 Glaubigen
616 2001 840 2068 vermeintlich
872 2001 1007 2067 erbliclrt
1038 1999 1103 2065 und
1128 1999 1213 2065 wohl
1236 2001 1316 2064 auch
1339 2001 1453 2086 gehdrt
1466 1997 1494 2080 ²)

403 2126 566 2192 wurden.''
654 2141 656 2148 “
794 2139 796 2146 ‘

429 2247 564 2328 Quodsi
594 2250 628 2311 in
659 2245 787 2313 Graecis
819 2248 983 2332 mysteriis
1013 2265 1146 2331 magnas
1174 2245 1272 2309 fuisse
1295 2249 1494 2330 spectrorum

401 2375 506 2456 partes
530 2375 614 2434 certo
638 2371 755 2433 certius
780 2372 910 2445 constat,
936 2372 968 2431 et
991 2367 1029 2430 ab
1052 2365 1167 2430 Isiacis¹
1185 2369 1349 2453 mysteriis
1372 2371 1496 2450 spectra

401 2490 505 2555 aliena
527 2511 589 2554 non
613 2490 719 2566 fuisse,
744 2491 889 2575 opinione
913 2494 995 2553 certe
1018 2509 1218 2574 praesumere
1241 2486 1326 2552 licet.
1350 2485 1433 2552 (lum
1453 2487 1495 2549 iis

399 2615 503 2698 igitur
525 2614 700 2677 consentire
723 2632 785 2676 non
808 2625 986 2696 possumus,
1008 2613 1064 2696 qui
1082 2610 1204 2674 Isiacae·
1216 2611 1407 2673 initiationis
1425 2609 1496 2672 vim

401 2740 495 2819 atque
525 2733 683 2798 effectum
701 2737 736 2798 in
766 2732 986 2819 symbolorum
1018 2738 1145 2796 tantum
1168 2731 1221 2796 vel
1243 2737 1423 2796 statuarum
1445 2729 1498 2794 ad-

401 2861 510 2940 spectu
525 2853 673 2940 'positum
691 2856 789 2920 fuisse
809 2855 1006 2920 contendant.
1031 2854 1124 2934 Quid,
1145 2856 1173 2918 si
1192 2859 1371 2918 statuarum
1390 2851 1497 2917 nullae

402 2979 542 3042 omnine
559 2976 615 3041 illa
646 2979 678 3040 in
709 2979 890 3042 initiatione
922 2981 1010 3040 erant
1036 2972 1160 3060 partes?
1184 2975 1253 3040 Hoc
1276 2977 1361 3039 enim
1385 2973 1498 3039 suadet

401 3097 560 3175 Plotinus,
594 3097 733 3163 Ennead.
767 3095 810 3161 VI
840 3098 896 3163 lib.
927 3096 984 3174 IX,
1012 3097 1063 3174 11,
1096 3098 1152 3161 ubi
1180 3117 1265 3174 aum,
1290 3101 1345 3182 qui
1369 3093 1497 3167 ἑνῶσεος

402 3239 528 3284 summo
552 3241 626 3284 cum
651 3221 782 3283 numine
805 3218 841 3282 fit
864 3221 1030 3304 particeps,
1054 3239 1128 3282 cum
1149 3218 1305 3283 initiando
1325 3223 1496 3304 comparat.

403 3339 532 3405 Scilicet
566 3342 621 3425 qui
656 3339 695 3404 ad
730 3361 861 3425 scopum
897 3339 982 3404 hunc
1012 3342 1098 3404 vitae
1129 3360 1164 3404 11
1194 3339 1290 3404 finem
1318 3339 1496 3422 contendat,

403 3483 478 3527 eum
501 3469 540 3526 et
569 3460 841 3546 pulchritudinem
872 3461 1101 3526 transcendisse
1131 3466 1256 3547 oportet
1287 3468 1319 3526 et
1348 3465 1498 3538 virtutes,

406 3581 543 3661 ineptiae
578 3582 632 3658 ἤδη
668 3582 717 3645 acl
754 3582 805 3645 τὸν
840 3587 898 3646 τῶν
930 3585 1042 3659 ἀρετῶν
1072 3584 1172 3662 χδρον,
1205 3579 1303 3662 ὥσπερ
1327 3607 1372 3654 τις
1397 3584 1438 3653 εἷς
1462 3585 1498 3648 τὸ

406 3702 474 3769 εἴσω
498 3709 561 3768 τοῦ
576 3705 687 3769 ἀδύτου
711 3704 820 3782 εἰσδὺς,
845 3704 886 3774 εἰς
911 3705 1044 3769 τούπίσω
1065 3707 1306 3770 acccusationi
1327 3707 1356 3769 ἐν
1375 3706 1417 3785 τῷ
1438 3707 1499 3785 ναῷ

410 3871 579 3884 -ί-ι--ι-

401 4003 402 4006 ,
440 3964 464 4026 1)
489 3964 565 4013 Affert
589 3963 629 4012 hic
655 3964 757 4012 Gaurrn
784 3963 809 4012 in
832 3964 887 4012 adn.
910 3962 1020 4022 Losucrr,
1043 3964 1098 4028 Agl.
1122 3963 1142 4024 Ι,
1162 3965 1200 4022 58,
1225 3981 1295 4029 quom
1316 3965 1398 4014 locum
1416 3971 1440 4014 et
1456 3982 1501 4014 noe

407 4061 480 4110 supra
498 4047 634 4097 attulimus.

440 4128 464 4190 2)
486 4129 572 4178 Adfert
594 4129 634 4178 hic
659 4129 762 4178 (laurea
780 4129 805 4178 in
823 4129 877 4179 adn.
896 4129 1023 4178 Plutarchi
1039 4129 1219 4178 testimonium:
1239 4129 1322 4189 „Nach
1339 4130 1406 4180 Plut.
1423 4130 1502 4180 Phok.

407 4211 438 4259 28
457 4211 612 4260 erschrealren
629 4212 751 4272 μυστοκοοῖ
766 4209 836 4270 ’ὄψεις
852 4212 900 4260 und
915 4211 997 4273 φωναί
1007 4211 1046 4260 die
1063 4211 1177 4261 deinde&
1192 4213 1289 4278 Spectat
1298 4213 1338 4262 hic
1347 4213 1502 4273 Plutarchus,

407 4293 433 4341 ni
455 4293 537 4353 fallor,
550 4294 614 4342 idem
629 4293 781 4352 miraculum,
798 4294 865 4342 cuiue
884 4293 1001 4342 Aristides
1015 4293 1051 4342 l.l.
1065 4294 1125 4342 facit
1141 4296 1301 4354 mentionem
1316 4297 1347 4344 cs.
1362 4295 1427 4344 Plut.
1441 4295 1503 4344 The-

408 4369 473 4434 miat.
492 4376 532 4424 15.
556 4404 588 4414 -
611 4376 648 4424 Of.
667 4382 691 4425 at
708 4376 755 4424 Dio
774 4376 896 4440 Chrysoat.
915 4375 982 4424 Orat.
1000 4375 1048 4422 XII
1066 4391 1088 4439 p.
1107 4375 1441 4438 18111111111111
1460 4380 1502 4440 (sc.

408 4458 542 4520 initiatum)
560 4460 672 4520 μυστικὰ
689 4457 811 4520 θεάματα,
829 4462 927 4508 πολλῶν
945 4456 972 4506 δὲ
989 4456 1112 4508 ἀκούοντα
1128 4457 1245 4508 τοιούτων
1264 4463 1352 4522 φονῶν.
