3350 5264
888 1563 910 1648 1
933 1566 989 1630 ac.

388 1751 526 1819 Media
556 1757 675 1818 nocte
706 1752 796 1816 vidi
826 1750 957 1816 solem
988 1749 1160 1815 candido
1191 1754 1482 1815 coruscantem

849 1873 1018 1937 lumine.

434 2055 483 2119 Ad
506 2056 590 2120 faces
615 2061 709 2140 atque
731 2055 877 2120 lucernas
900 2057 931 2119 ia
955 2054 1050 2140 adyto
1074 2053 1266 2119 collucentes
1286 2053 1363 2118 haec
1382 2053 1484 2139 vulgo

391 2178 510 2255 referri,
543 2199 608 2242 uon
640 2180 770 2242 mirum.
807 2175 868 2243 (lui
898 2179 1040 2241 enimin
1064 2183 1204 2240 mentem
1229 2198 1293 2240 nou
1317 2178 1425 2240 veniat
1448 2175 1483 2239 τὸ

297 2291 302 2298 ’
392 2299 576 2364 Ἐλευσίνιον
608 2303 676 2378 πῦρ,
709 2298 746 2363 de
774 2320 835 2382 quo
859 2300 936 2362 satis
960 2299 1020 2361 erit
1042 2296 1148 2362 locum
1172 2319 1210 2362 11
1233 2297 1321 2361 Plut.
1346 2296 1420 2382 Frg.
1446 2295 1484 2360 da

392 2442 442 2485 au.
474 2420 505 2497 2,
531 2441 627 2504 quem
649 2423 715 2484 iam
739 2417 814 2503 §17
840 2442 870 2505 p.
897 2418 938 2482 99
963 2418 1177 2493 laudavimus,
1201 2418 1326 2483 afferre:
1352 2419 1406 2496 πρὸ
1430 2422 1483 2482 τοῦ

392 2542 496 2612 τέλους
517 2543 611 2606 αὐτοῦ
636 2541 677 2606 τοὶ
702 2542 783 2606 δεινοὶ
808 2543 923 2618 πάντα,
944 2543 1036 2621 <opina
1057 2542 1107 2605 κοοὶ
1129 2542 1234 2619 τρόμος
1256 2541 1307 2604 nai
1327 2540 1408 2620 ἱδρὼς
1430 2539 1482 2604 ccl

391 2665 530 2740 θάμβος·
560 2667 593 2728 ἐκ
618 2665 649 2728 δὲ
674 2662 781 2728 τούτου
805 2669 870 2742 φῶς
895 2687 924 2727 το
946 2663 1112 2741 θαυμάσιον
1133 2664 1290 2736 ἀπήντησε
1311 2659 1404 2730 ura?
1423 2661 1485 2728 Oui

389 2807 450 2850 uon
475 2788 508 2848 in
532 2791 673 2851 mentem
697 2788 815 2862 veniat,
839 2789 874 2849 in
897 2785 1066 2850 Mithraeis
1086 2788 1221 2870 parietes
1242 2788 1338 2850 variis
1359 2771 1485 2849 distinc-

389 2912 439 2971 tos
471 2906 568 2970 fuisse
601 2905 759 2970 coloribus
790 2908 899 2990 itaque
928 2906 1035 2970 facum
1065 2905 1138 2970 luce
1170 2905 1371 2972 collustratos
1402 2910 1484 2970 miro

389 3027 539 3111 adspectu
569 3030 711 3092 initiatos
743 3026 949 3092 delectavisse
964 3025 1010 3108 ¹)l
1045 3027 1087 3092 Et
1121 3027 1245 3112 Apulei,
1278 3029 1316 3093 ad
1347 3051 1379 3094 se
1410 3051 1481 3094 cum

389 3149 534 3213 rediisset
559 3186 600 3196 -
626 3149 684 3213 hcc
708 3151 794 3212 euim
818 3171 856 3212 11
880 3149 976 3213 verbo
999 3147 1055 3213 illo
1081 3149 1265 3224 „remeavi”
1285 3149 1357 3215 elici
1379 3158 1484 3236 petest

393 3307 434 3318 —
459 3269 565 3333 oculos
588 3271 828 3353 praestrinxisse
851 3269 961 3334 lumen
985 3270 1247 3335 candidissimum
1271 3275 1297 3336 si
1321 3265 1392 3359 quis
1416 3294 1484 3338 con-

391 3391 509 3468 tendat,
534 3412 596 3454 nen
620 3393 821 3476 pertinaciter
844 3395 873 3455 ei
897 3391 1056 3476 obloquar.
1080 3393 1146 3458 Nec
1169 3398 1276 3457 tamen
1301 3396 1368 3458 11111
1391 3415 1483 3459 causa

392 3512 540 3588 Locren,
572 3534 645 3576 cum
676 3514 745 3597 ipsa
780 3513 856 3577 haec
887 3512 1064 3596 Apuleiana
1094 3515 1190 3579 verba
1221 3517 1356 3579 strictim
1390 3518 1483 3580 attiu-

392 3642 492 3722 geret,
523 3641 651 3700 ornatus
681 3635 946 3721 magnificentiae,
978 3641 1209 3722 apparatusque
1238 3637 1397 3722 splendori
1422 3661 1483 3703 non

392 3778 458 3821 esse
482 3759 620 3820 nimium
644 3755 859 3832 tribuendum,
884 3759 1020 3833 monuit,
1045 3757 1210 3841 multaque
1232 3761 1266 3822 in
1291 3758 1396 3824 teletis
1419 3781 1482 3824 uou

391 3878 430 3943 ad
462 3878 668 3962 spectandum
700 3881 871 3962 proposita,
905 3879 958 3942 sed
989 3900 1046 3962 pro
1078 3882 1227 3963 spectatis
1257 3886 1384 3966 accepta
1415 3902 1482 3946 esse

391 4005 477 4064 reete
508 4001 698 4064 observavit.
736 4001 841 4083 Atque
869 3998 952 4062 illud
988 4000 1112 4074 „media
1143 4007 1234 4065 nocte
1266 4001 1333 4066 vidi
1359 4001 1481 4067 solem’'

392 4120 586 4185 checkium
617 4143 679 4186 uon
710 4123 754 4185 sic
784 4124 987 4206 interpretari
1019 4123 1168 4197 voluisse,
1201 4126 1290 4208 quasi
1322 4145 1349 4188 e.
1373 4145 1406 4210 g.
1431 4124 1483 4187 fax

428 4399 450 4459 1)
473 4397 510 4447 Cf.
534 4397 560 4445 ll.
586 4395 704 4452 cuneus,
729 4397 784 4445 1111.
807 4396 894 4444 Rosch.
918 4401 977 4444 torn.
1001 4395 1027 4442 11
1051 4394 1066 4444 i.
1084 4410 1106 4442 v.
1131 4394 1242 4451 Mithrae.
1267 4412 1290 4460 p.
1315 4396 1388 4455 3062,
1412 4398 1442 4446 cf.
1461 4405 1486 4447 11

393 4480 484 4529 Wsstd.
501 4479 616 4528 Zeitschr.
635 4479 700 4526 1894
718 4495 741 4543 p.
760 4479 799 4538 56,
818 4485 842 4527 11
859 4479 944 4526 'Pontes
962 4483 986 4526 11
1003 4477 1069 4526 Mon.
1087 4483 1146 4526 tom.
1164 4477 1183 4536 Ι,
1201 4493 1226 4541 p.
1246 4478 1276 4526 81
1296 4486 1320 4528 11
1337 4480 1392 4528 828.
