3350 5264
922 432 966 497 84

402 620 457 704 qui
487 638 614 683 mecum
643 619 709 681 iam
741 615 862 680 dudum
892 614 1004 701 grandi
1032 617 1173 700 praemio
1192 617 1317 701 pepigit
1339 615 1489 682 reducere

400 737 562 825 paulisper
591 739 630 803 ab
660 737 770 802 inferis
801 739 951 821 spiritum
982 757 1158 822 corpusque
1182 736 1268 801 istud
1291 736 1491 822 postliminio

400 863 512 926 mortis
535 859 707 926 animare.''
731 858 774 924 ut
797 879 871 923 oum
894 858 977 923 dicto
1000 860 1150 924 iuvenem
1175 860 1359 944 quempiam
1380 858 1491 924 linteis

401 980 547 1048 amiculis
581 983 735 1068 iniectum
769 980 924 1066 pedesque
954 978 1088 1064 palmeis
1121 979 1229 1045 baxeis
1258 979 1425 1046 inductum
1457 986 1492 1046 et

401 1104 540 1189 adusque
578 1109 742 1182 <cotem>
777 1101 886 1167 deraso
928 1103 1030 1187 capite
1068 1101 1216 1187 producit
1256 1105 1290 1166 in
1334 1103 1489 1170 medium.

401 1224 509 1290 Huius
541 1224 597 1289 diu
627 1245 743 1314 manus
773 1222 973 1288 deosculatus
1003 1227 1035 1288 et
1064 1225 1135 1308 ipsa
1165 1245 1272 1310 genua
1302 1227 1490 1312 contingens

404 1344 594 1422 „miserere”
630 1347 685 1422 ait,
718 1343 889 1421 „sacerdos
919 1345 1079 1409 miserere.
1114 1343 1175 1408 Per
1205 1344 1352 1411 caelestia
1376 1347 1488 1425 sidera,

402 1487 459 1552 per
487 1467 609 1532 inferna
638 1467 780 1543 numina,
811 1486 866 1550 per
888 1463 1045 1530 naturalia
1068 1464 1232 1550 elementa,
1257 1487 1313 1552 per
1335 1472 1491 1532 nocturna

403 1587 529 1653 silentia
562 1593 594 1652 et
628 1586 725 1673 adyta
758 1584 888 1672 Coptica
917 1591 949 1650 et
978 1607 1035 1672 per
1063 1588 1259 1652 incrementa
1289 1586 1427 1654 Nilotica
1456 1593 1490 1652 et

403 1729 514 1776 aroana
549 1709 757 1794 Memphitica
790 1713 822 1771 et
855 1709 948 1771 sistra
982 1707 1145 1792 Phariaca,
1181 1709 1220 1774 da
1254 1710 1384 1775 brevem
1414 1709 1489 1774 solis

402 1851 533 1896 usuram
568 1835 600 1894 et
633 1831 666 1893 in
700 1835 864 1893 aeternum
899 1828 1033 1893 conditis
1064 1829 1165 1895 oculis
1195 1831 1354 1908 modicam
1382 1829 1488 1895 lucem

401 1951 542 2016 infunde.
579 1950 651 2016 Non
681 1951 856 2014 obnitimur
891 1950 1034 2034 <fat0>
1069 1973 1125 2016 nac
1158 1957 1260 2017 terrae
1293 1973 1362 2017 rem
1396 1974 1489 2018 suam

403 2072 605 2159 denegamus,
635 2071 690 2136 sed
720 2071 759 2136 ad
789 2070 922 2135 ultionis
953 2070 1104 2136 solatium
1135 2075 1290 2159 exiguum
1312 2075 1397 2139 vitae
1421 2095 1489 2159 spa·

400 2197 486 2259 tium
526 2191 763 2278 deprecamur''.
808 2192 968 2278 Propheta
1003 2195 1048 2257 sic
1081 2196 1283 2279 propitiatus,
1318 2193 1487 2260 herbulam

402 2317 586 2402 quampiam
608 2316 646 2380 oh
670 2336 703 2380 os
726 2315 863 2400 corporis
872 2312 910 2394 (l)
934 2319 967 2379 et
988 2313 1084 2379 aliam
1108 2318 1228 2400 pectori
1251 2319 1319 2382 eius
1337 2319 1487 2402 imponit.

401 2438 485 2504 Tum
515 2441 669 2504 orientem
700 2438 849 2503 obversus
879 2439 1074 2502 incrementa
1104 2436 1180 2502 solis
1210 2441 1341 2526 augusti
1371 2441 1489 2504 tacitus

399 2563 592 2646 imprecatus
624 2557 812 2624 venerabilis
843 2579 953 2624 scenae
979 2559 1058 2624 facie
1081 2559 1185 2624 studia
1208 2563 1423 2645 praesentium
1448 2561 1488 2626 ad

398 2681 590 2748 miraculum
619 2685 745 2772 tantum
776 2683 924 2745 certatim
954 2679 1086 2746 adrexit.
1113 2717 1155 2764 ε-
1178 2679 1247 2746 lam
1269 2688 1395 2747 tumore
1418 2703 1488 2768 pec·

398 2810 451 2869 tus
482 2802 602 2882 extolli,
633 2805 699 2868 iam
730 2801 866 2868 salubris
888 2823 967 2867 vena
990 2801 1121 2887 pulsari,
1145 2804 1212 2867 iam
1235 2805 1350 2888 spiritu
1373 2824 1488 2889 corpus

396 2923 525 3010 impleri
554 2928 586 2988 et
616 2922 763 3009 adsurgit
793 2921 935 3001 cadaver,
965 2927 997 2986 et
1019 2922 1164 3008 profatur
1186 2922 1400 2989 adulescens'’.
1436 2921 1486 2991 Of.

397 3051 429 3146 et
454 3046 506 3110 hic
531 3045 601 3112 Lib.
628 3065 729 3130 apocr.
754 3042 857 3128 Meis,
884 3065 913 3128 p.
945 3042 1019 3122 190,
1047 3043 1173 3111 5-10:
1201 3042 1319 3126 ἔγερσιν
1344 3046 1485 3122 σώματος

399 3189 510 3248 cracov.

444 3288 554 3373 Neque
588 3285 715 3351 silentio
750 3285 997 3371 praetereundus
1031 3290 1078 3350 ast
1111 3285 1313 3354 Heliodorus.
1357 3289 1419 3369 Qui
1451 3293 1487 3354 in

399 3411 529 3497 egregia
560 3409 823 3493 Aethiopicorum
852 3406 960 3474 fabula
991 3406 1083 3472 Isiaci
1114 3409 1285 3496 prophetae
1315 3411 1382 3476 vita
1412 3409 1489 3475 deli-

396 3536 489 3597 neata
521 3529 794 3616 encyclopaediam
826 3527 925 3594 simul
955 3528 1113 3614 quandam
1143 3533 1342 3616 magicarum
1366 3534 1487 3596 artium

398 3653 594 3736 conscripsit.
626 3647 775 3716 Oalasiris
798 3649 918 3714 seilicet
941 3652 1112 3734 primarius
1135 3651 1287 3730 sacerdos,
1311 3655 1401 3718 cuius
1423 3675 1487 3720 non

396 3773 529 3839 ultimae
560 3777 635 3837 sunt
661 3774 695 3835 in
717 3771 824 3836 fabula
846 3777 961 3856 partes,
986 3774 1120 3859 magicis
1143 3771 1235 3858 plane
1257 3775 1402 3840 imbutus
1426 3773 1487 3839 dis-

396 3894 531 3979 ciplinis,
555 3894 664 3958 futura
686 3914 794 3958 rerum
823 3897 888 3958 arte
918 3892 1048 3980 indagat
1079 3893 1277 3973 divinatoria,
1308 3894 1365 3974 III,
1396 3894 1436 3961 16
1449 3897 1484 3976 ¹),

430 4167 455 4227 1)
473 4166 512 4216 Ibi
528 4172 553 4216 et
571 4166 628 4232 quid
645 4165 708 4216 inter
724 4165 830 4230 magiam
849 4165 956 4215 divinam
970 4165 1079 4229 interque
1094 4166 1211 4227 γοητείην
1224 4167 1327 4228 intersit,
1341 4171 1399 4219 data
1413 4187 1485 4235 opero

395 4249 506 4315 exponit:
525 4247 538 4304 ἡ
557 4248 602 4310 μὲν
619 4246 668 4311 γάρ
686 4265 724 4306 τις
743 4246 800 4296 ἐστὶ
817 4245 935 4309 δημώδης,
953 4245 1003 4303 nal,
1021 4245 1051 4304 ὡς
1069 4245 1097 4294 ἅν
1111 4265 1151 4306 τις
1165 4246 1237 4310 ilaec,
1252 4250 1339 4312 χαμαὶ
1353 4248 1485 4317 ἐρχομένη,

394 4329 499 4380 εἰδώλων
518 4329 649 4392 θεράπαινα
665 4329 707 4379 καὶ
724 4328 901 4392 replebamur
916 4334 999 4390 νεκρῶν
1014 4327 1151 4390 εἱλουμένη,
1167 4330 1284 4393 βοτάναις
1299 4336 1484 4394 προστετηκυῖα

394 4413 437 4463 eui
458 4410 565 4476 ἐπῳδαῖς
588 4411 747 4476 &navigavere
770 4439 802 4450 -
825 4410 839 4468 ἦ
863 4410 885 4460 δ’
908 4409 982 4473 ἑτέρα
1004 4439 1037 4450 -
1058 4409 1073 4468 ἧ
1097 4411 1190 4471 ἀληθῶς
1214 4415 1297 4478 σοφία,
1315 4410 1342 4474 ἧς
1360 4415 1425 4474 αὕτη
1441 4419 1483 4480 (sc.
