3350 5264
710 481 753 547 85

190 665 314 728 somnia
330 665 557 748 interpretatur
575 663 627 742 IV,
650 665 701 743 15,
722 665 972 753 daemonumque
991 689 1023 734 se
1042 689 1138 734 usum
1157 667 1275 734 auxilio

191 805 332 850 amorem
354 786 529 850 immittere
551 783 720 869 profitetur
742 786 782 865 Π,
808 787 861 871 33,
881 788 933 867 IV,
956 787 986 868 7,
1008 789 1049 854 14
1063 787 1099 871 ¹),
1119 793 1276 876 ipsorum-

190 927 251 992 que
282 907 415 972 deorum
443 909 477 970 in
506 909 640 971 somniis
671 908 790 973 fruitur
820 911 1057 989 consuetudine,
1081 911 1137 990 111,
1165 911 1203 976 11
1229 932 1274 996 sq.

189 1027 271 1108 Quin
303 1035 335 1096 et
364 1027 521 1115 quomodo
544 1027 675 1093 deorum
699 1034 889 1116 praesentias
912 1033 951 1097 sb
974 1034 1120 1098 inanibus
1143 1035 1278 1098 somnio·

187 1171 261 1214 rum
291 1152 369 1215 visis
393 1150 560 1227 disoernas,
584 1149 657 1216 data
681 1172 775 1236 opera
798 1156 938 1238 exponit,
962 1156 1006 1219 ib.
1034 1153 1092 1218 13:
1129 1155 1197 1219 Θεοὶ
1222 1155 1274 1218 καὶ

187 1270 327 1348 δαίμονες
362 1308 403 1320 -
436 1270 652 1351 ἐπιφοιτῶντές
675 1271 704 1336 τ’
730 1273 771 1345 εἷς
797 1275 880 1350 ἡμᾶς
905 1273 956 1338 καὶ
982 1275 1274 1354 &repatriaverit

187 1389 266 1458 ἄλλο
295 1392 351 1470 μὲν
375 1389 444 1474 ζῷον
469 1394 518 1458 ἐπ’
543 1389 721 1477 ἕλόχιστον,
746 1395 787 1467 εἰς
813 1395 979 1476 όνθρόπουι
1005 1395 1031 1460 δ’
1055 1395 1105 1460 ἐπὶ
1130 1404 1274 1461 πλεῖστον

189 1513 298 1587 αὐτοὺς
330 1515 514 1596 εἰδοποιοῦσι,
545 1518 586 1598 τῷ
618 1516 707 1598 όμοόρι
731 1515 823 1582 πλέον
846 1520 929 1594 ἡμᾶς
953 1518 993 1589 εἷς
1018 1517 1072 1591 την
1095 1517 1275 1599 φαντασίαν

190 1636 388 1714 ὑπαγόμενοι.
423 1638 491 1710 τοὺς
524 1638 581 1714 μὲν
612 1638 646 1712 δη
677 1637 833 1716 βεβήλους
864 1635 921 1704 κόν
953 1638 1131 1718 διαλόθοιεν,
1166 1641 1220 1712 την
1243 1639 1275 1704 δὲ

189 1763 283 1837 σοφοῦ
307 1765 415 1836 γνῶσιν
438 1761 490 1824 οὐκ
515 1757 553 1824 θον
575 1759 767 1844 διαφύγοιεν,
791 1761 878 1826 όλλοὶ
903 1769 964 1833 τοῖς
988 1763 1017 1825 τ’
1040 1761 1210 1842 όφθαλμοῑο
1236 1759 1274 1826 ta

189 1882 348 1957 γνωσθεῖσι
378 1881 483 1952 ἀτενὲς
515 1880 613 1946 διόλου
641 1881 809 1960 βλέποντες
833 1883 884 1947 καὶ
909 1883 943 1947 τό
966 1883 1125 1964 βλέφαρον
1148 1881 1182 1948 ot
1204 1875 1273 1949 ποτ’

190 2003 367 2079 ἐπιμύοντει
381 2000 408 2081 ³)
438 2002 489 2066 καὶ
520 2004 561 2083 τῷ
592 2002 768 2081 βαδίσματι
800 2004 903 2088 πλέον,
936 2006 969 2070 οὗ
1000 2006 1084 2071 κατὰ
1116 2004 1273 2081 διόστησον

188 2131 250 2189 σοῖν
281 2123 378 2188 ποδοῖν
409 2123 475 2189 οὐδὲ
506 2124 669 2203 μετόθεσιν
691 2125 842 2208 όννομὲνρι
865 2127 954 2192 όλλόι
978 2127 1062 2192 κατοθ
1086 2150 1155 2193 τινα
1178 2127 1274 2210 ῥύμην

187 2245 281 2325 όόριον
313 2245 363 2310 καὶ
389 2245 480 2323 όρμόρν
503 2243 753 2326 ἀπαραπόδιστον
776 2247 944 2326 τεμνόντων
968 2251 1090 2327 μῖιλλον
1113 2251 1148 2316 τό
1173 2247 1272 2330 περιό-

187 2389 244 2448 χον
268 2366 285 2442 ἢ
309 2365 571 2448 διαπορευομένων.

231 2488 338 2554 Fiotae
361 2491 419 2554 hae
443 2489 573 2574 quidem
595 2488 731 2567 fabulae,
756 2488 810 2554 ssd
833 2511 849 2554 e
873 2491 988 2575 quibus
1011 2493 1131 2576 optime
1155 2495 1272 2574 tamen,

188 2611 265 2696 quid
300 2611 337 2676 de
371 2612 465 2676 robus
500 2611 616 2677 divinis
646 2617 722 2676 tuno
752 2613 905 2696 temporis
935 2615 1089 2677 senserint
1118 2613 1273 2692 homines,

188 2752 368 2818 eognosoas.
404 2731 523 2797 Varum
554 2737 587 2798 st
617 2733 737 2796 faotum
760 2731 820 2796 fide
842 2732 992 2797 historiae
1016 2735 1273 2818 comprobatum,

187 2851 282 2938 idque
316 2873 333 2917 e
368 2855 434 2917 vita
468 2851 599 2930 Plotini,
634 2850 790 2917 laetorum
825 2852 926 2918 oeulis
961 2854 1176 2918 subiioiamus.
1211 2855 1272 2920 Res

188 2977 296 3038 autem
327 2975 371 3039 sio
402 2995 434 3039 se
464 2974 568 3039 habet.
604 2972 832 3058 Neoplatonioi,
857 2979 894 3038 ut
917 2979 1006 3039 erant
1029 2972 1126 3039 multi
1148 2977 1181 3038 in
1204 2975 1273 3040 dae·

188 3092 379 3181 menologia,
402 3115 497 3160 suum
517 3097 631 3180 ouique
650 3094 782 3182 adiungi
800 3094 923 3160 homini
941 3097 1084 3182 genium,
1104 3094 1274 3182 pluresque

188 3385 202 3442 ἡ
225 3385 341 3449 γοητεία)
364 3382 513 3446 παρανόμως
530 3380 645 3440 ereata,
661 3381 689 3439 ilo
706 3384 776 3444 ἱερεῖς
793 3382 836 3432 καὶ
855 3384 1004 3446 προφητικὸν
1021 3382 1092 3446 γένος
1110 3381 1137 3433 ἐκ
1154 3382 1210 3433 νέων
1229 3383 1276 3433 οἰσ-

188 3472 284 3529 κσθμεν,
306 3465 354 3516 όνοο
376 3467 434 3528 πρὸς
456 3467 490 3514 τόι
508 3463 606 3528 σιἰριθνια
623 3465 720 3526 βλέπει,
738 3465 794 3516 θεῶν
812 3463 945 3527 συνόμολοςι
961 3465 1003 3514 καὶ
1020 3463 1116 3529 φθσεοιρ
1134 3455 1275 3528 κρειττόνων

188 3549 308 3612 μέτοχος,
325 3547 420 3610 όστρων
438 3547 529 3605 κόνησιν
547 3543 667 3608 ἔρευνόόσα
683 3546 726 3596 καῖ
743 3549 930 3608 μελλόντων
952 3549 1132 3610 πρόγνωσιν
1157 3547 1279 3609 κερδαό·

187 3650 291 3683 νουσα,
308 3631 355 3681 Sed
372 3647 400 3680 ex
417 3631 470 3695 ipsa
486 3629 613 3678 Heliodori
629 3627 775 3689 nutritione,
793 3635 861 3678 utet
878 3645 905 3678 ex
924 3629 1012 3693 Apulei
1029 3628 1083 3678 loeo
1101 3646 1174 3694 supra
1191 3630 1275 3690 allato,

188 3715 246 3765 satis
263 3719 364 3780 apparet
381 3712 515 3762 sacerdotes
536 3711 566 3759 iia
584 3727 678 3776 quoque
694 3711 787 3760 artibus
804 3727 863 3776 quas
881 3710 982 3759 illicitas
1001 3717 1122 3771 vocarent,
1139 3727 1187 3760 non
1203 3712 1276 3776 plane

187 3798 339 3848 abstinuisse.

220 3883 245 3942 1)
266 3879 374 3940 Ἔρωτος
396 3876 488 3933 πολετη
509 3877 628 3942 quomodo
645 3876 789 3941 perficienda
806 3877 847 3936 sit,
864 3877 933 3925 dooet
948 3875 1008 3940 Pap.
1025 3874 1054 3934 V,
1071 3875 1117 3924 ool.
1136 3877 1164 3924 le
1181 3877 1276 3926 15-32

188 3963 228 4014 22.
252 3963 289 4011 cf.
307 3969 331 4011 et
348 3961 401 4011 Lib.
419 3975 498 4024 spoor.
515 3959 595 4018 Mola,
613 3976 638 4024 p.
656 3959 712 4018 187,
729 3959 841 4008 ae-ao:
859 3955 901 4006 ἐπὶ
919 3955 945 4006 δὲ
962 3957 1077 4020 ἀγωγῆς·
1092 3974 1115 4022 p.
1132 3958 1275 4019 188‚1-4;

189 4043 231 4094 ἐόν
254 4061 310 4092 τινα
333 4042 403 4106 θόληρ
427 4040 460 4102 μὴ
486 4041 611 4103 ρὀκνθόσαι,
635 4057 659 4106 p.
685 4041 739 4100 192,
763 4041 777 4094 7
802 4058 849 4106 sq.:
874 4040 976 4102 φίλτρον
994 4040 1111 4100 πότιμον·
1130 4041 1163 4090 ib.
1181 4041 1262 4094 9-17
1269 4063 1274 4092 ι

189 4123 231 4176 ἔδον
249 4125 320 4189 θέλης
336 4125 455 4188 γυναῖκας
473 4121 500 4172 σθ
518 4126 552 4185 μη
571 4122 690 4186 σχεθῆναι
708 4121 754 4172 όπό
772 4121 851 4172 θόλλσν
869 4119 960 4183 ἀνδρός.

222 4209 247 4268 8)
269 4208 306 4256 De
329 4206 420 4256 umbrie
440 4212 590 4256 mortuorum
612 4207 677 4255 idem
700 4207 773 4255 refert
794 4205 954 4260 Plutarchus,
979 4203 1026 4268 Qu.
1049 4203 1090 4254 Gr.
1113 4205 1158 4254 39:
1180 4211 1228 4254 τῶν
1252 4204 1275 4254 δ’

190 4289 357 4340 ἀποθανόντων
374 4289 401 4338 οἱ
414 4287 579 4351 Πυθαγορικοὶ
596 4287 700 4352 λέγουσι
719 4289 766 4347 τὰς
783 4287 871 4350 φυχόις
888 4286 922 4347 μῆ
940 4288 1017 4334 ποιεῖν
1034 4287 1105 4335 σκιὰν
1122 4285 1185 4348 μηδὲ
1201 4305 1274 4350 σκαρ-

190 4371 335 4435 δαμόττειν,
357 4371 393 4421 De
416 4388 460 4420 ser.
481 4388 547 4422 num.
570 4372 635 4421 vind.
660 4372 707 4421 22:
732 4372 761 4420 τό
786 4372 833 4429 τόις
856 4369 945 4432 ψυχὰς
967 4372 1016 4418 τῶν
1039 4367 1187 4428 τεθνηκότων
1210 4369 1275 4432 μήτε

191 4457 262 4506 σκιθιν
279 4456 356 4505 ποιεῖν
373 4451 438 4516 μήτε
456 4452 662 4516 σκαρδαμύττειν,
