3354 5262
887 1276 909 1362 q
927 1272 976 1340 la.

431 1470 630 1556 Quamquam
651 1472 754 1557 igitur
775 1491 929 1557 magnam
953 1471 1050 1537 fluisse
1074 1471 1297 1559 symbolorum
1319 1473 1353 1536 in
1372 1471 1479 1538 teletis

386 1594 455 1658 vim
478 1591 684 1667 affirmamus,
708 1590 852 1656 multum
876 1597 984 1658 tamen
1008 1593 1109 1670 abest,
1131 1598 1169 1658 ut
1188 1591 1343 1679 symbolis
1361 1594 1480 1658 tribua-

386 1734 458 1778 mus
482 1715 598 1778 omnia.
630 1711 776 1798 Namque
803 1735 843 1778 ex
865 1717 963 1779 variis
984 1736 1020 1780 ao
1043 1714 1160 1780 diversi
1183 1716 1309 1800 generis
1332 1717 1480 1779 oaerimo

385 1837 446 1898 niis
477 1855 551 1898 oum
582 1832 757 1898 coaluerint
786 1837 951 1920 mysteria,
976 1837 1081 1900 variae
1105 1856 1228 1921 quoque
1251 1837 1479 1921 mysteriorum

385 1953 645 2040 explioandorum
675 1957 812 2020 rationes
842 1955 1016 2040 sequendae
1044 1963 1128 2020 sunt.
1153 1955 1340 2042 Implieatus
1363 1959 1480 2042 quippe

386 2074 486 2140 nodus
516 2097 578 2141 non
608 2096 672 2140 uno
703 2075 831 2141 vineulo
861 2075 968 2143 laxato
1000 2077 1146 2156 solvitur,
1178 2099 1236 2144 nee
1267 2099 1329 2143 uno
1352 2082 1481 2142 tantum

385 2195 515 2262 castello
544 2202 726 2283 expugnato
755 2200 974 2264 munitissima
1005 2202 1175 2284 capiuntur
1205 2205 1316 2265 eastra.
1347 2197 1481 2264 Manent

385 2319 419 2382 in
442 2320 606 2404 mysteriis
628 2339 708 2404 quae
731 2318 770 2383 ad
793 2317 941 2406 symbola
960 2319 1069 2384 referri
1087 2341 1149 2384 non
1173 2326 1315 2405 possunt,
1337 2339 1480 2405 quaeque

386 2413 540 2504 aliorsum
562 2459 619 2504 nos
642 2438 805 2504 devotant.
829 2438 955 2503 Etenim
978 2441 1005 2503 si
1024 2441 1052 2504 is
1071 2460 1184 2524 scopus
1203 2445 1270 2504 erat
1287 2440 1478 2504 initiationis

386 2581 421 2626 ao
451 2559 531 2638 linis,
562 2568 600 2624 ut
630 2559 777 2646 symbola
800 2565 1055 2646 proponerentur,
1080 2561 1258 2648 hymnique
1280 2566 1476 2638 canerentur,

386 2701 483 2766 quam
513 2672 642 2746 tandem
672 2681 712 2746 ob
741 2701 870 2746 oausam
899 2680 1065 2746 initiandis
1089 2685 1127 2746 ut
1149 2702 1240 2746 earne
1264 2683 1403 2766 vinoque
1426 2681 1477 2746 ala

386 2803 550 2879 stinerent,
581 2799 853 2888 praecipiebatur?
884 2803 990 2887 Atque
1019 2809 1056 2867 ut
1079 2805 1279 2888 propositum
1301 2807 1476 2880 teneamus,

386 2944 483 3009 quam
517 2925 557 2988 ob
590 2943 719 2988 eausam
753 2923 792 2988 ad
826 2923 941 2988 Isiacae
973 2921 1087 2988 teletas
1119 2923 1347 2989 admittebatur
1374 2943 1477 3001 neme,

386 3046 449 3110 nisi
472 3065 567 3129 quem
589 3047 659 3129 ipsa
679 3043 746 3121 dea,
765 3047 798 3108 in
817 3046 950 3109 somniis
969 3064 1036 3110 sese
1055 3047 1085 3109 ei
1104 3043 1235 3110 offerens
1254 3044 1293 3110 ad
1313 3065 1478 3110 summum

387 3165 472 3230 huno
501 3163 673 3230 destinaret
703 3162 876 3230 honorem?
907 3163 980 3250 Ipsa
1011 3170 1120 3230 autem
1151 3164 1277 3250 Apulei,
1304 3166 1388 3232 unde
1410 3187 1474 3252 pro

387 3286 461 3352 fecti
484 3307 605 3364 sumus,
629 3287 734 3368 verba,
759 3307 874 3372 nempe
896 3284 970 3352 illa:
1004 3287 1151 3363 „Aeeessi
1173 3286 1345 3352 confinium
1368 3289 1478 3354 mortis

388 3412 421 3472 et
451 3405 569 3472 ealeato
599 3406 805 3493 Proserpinae
835 3405 956 3484 limine,
984 3427 1039 3491 per
1062 3409 1169 3472 omnia
1192 3413 1301 3473 vaetus
1324 3407 1479 3474 elementa

387 3530 544 3605 remeavi;
575 3532 666 3593 noete
694 3528 797 3592 media
825 3527 894 3592 vidi
915 3525 1014 3592 solem
1038 3526 1169 3592 candido
1193 3535 1410 3595 eoruscantem
1431 3527 1479 3593 lu·

387 3651 475 3714 mine
484 3669 493 3726 3
519 3647 592 3713 deos
614 3648 729 3713 inferos
749 3654 782 3713 et
800 3647 873 3712 deos
891 3667 1023 3732 superos
1042 3650 1158 3712 aooeesi
1176 3669 1281 3713 eoram
1300 3655 1332 3714 et
1350 3648 1479 3714 adorari

389 3768 427 3834 de
459 3767 648 3854 proxumo,''
684 3803 725 3817 —
756 3766 812 3832 illa
845 3767 943 3833 verba
975 3766 1016 3832 ad
1049 3767 1195 3854 symbola
1228 3770 1256 3832 si
1288 3768 1478 3847 referuntur,

388 3910 537 3957 reverane
556 3877 696 3954 dilucida
715 3885 816 3953 fiunt?
835 3887 919 3953 Mira
940 3908 1079 3954 sanares
1098 3910 1173 3954 oum
1191 3887 1325 3954 Osiridis
1336 3890 1480 3955 membra

388 4031 446 4098 per
473 4008 710 4074 simulationem
739 4009 803 4073 sint
833 4011 987 4094 quaesita,
1019 4012 1131 4075 mortis
1163 4030 1196 4074 se
1221 4011 1386 4076 aooessisse
1409 4031 1480 4076 oon-

390 4130 502 4195 linium
522 4129 688 4206 affirmare,
708 4127 762 4194 uel
780 4128 853 4194 deos
865 4149 898 4194 se
910 4151 1015 4195 eoram
1027 4132 1201 4207 accessisse,
1214 4130 1314 4216 deque
1325 4152 1481 4216 proxumo

391 4249 544 4326 adorasse,
569 4269 643 4314 eum
666 4269 723 4314 nee
741 4251 803 4314 nisi
821 4248 968 4336 symbola
988 4250 1119 4314 deorum
1138 4251 1203 4314 sint
1221 4256 1481 4336 ostentataatque

389 4367 563 4456 imaginesl
594 4369 662 4434 Iam
694 4369 776 4434 nihil
805 4392 866 4435 uon
897 4371 936 4436 ad
966 4369 1112 4457 symbola
1142 4371 1256 4436 referre
1288 4369 1380 4437 lieetl
1408 4372 1478 4438 Nisi
