3350 5264
732 445 795 512 105

219 652 334 716 preces,
375 629 466 712 ἱεροὺς
506 629 669 712 λόγων),
709 629 928 716 symbolorum
968 633 1311 710 communicationem,

218 755 426 820 suavissimos
461 752 727 839 symphoniarum
761 753 878 817 modos
907 753 1051 818 defuisse„
1078 757 1229 839 putamus
1264 791 1306 803 -

216 877 421 962 consopitum
462 875 569 954 fuisse,
605 876 651 938 ita
685 880 722 938 ut
756 895 774 939 a
808 875 951 940 sensibus
984 875 1075 940 velut
1109 875 1307 941 abalienatus

216 997 320 1063 multa
355 996 533 1082 adspexerit
566 995 737 1078 mirabilia,
773 997 945 1060 statuimus
959 994 996 1076 ²),
1032 999 1185 1082 quaestio,
1210 1017 1308 1081 quam

215 1119 297 1205 §12
329 1119 507 1204 posuimus,
539 1116 661 1182 scilicet
693 1137 867 1201 quamnam
895 1117 1024 1183 tandem
1055 1117 1094 1182 ob
1117 1138 1245 1182 causam
1269 1117 1308 1182 ad

216 1240 334 1306 Isiacae
366 1239 479 1304 teletas
509 1259 603 1304 nemo
634 1238 791 1303 admissus
814 1239 920 1316 fuerit,
943 1241 1006 1303 nisi
1029 1260 1124 1325 quem
1148 1241 1217 1324 ipsa
1240 1239 1307 1318 dea,

218 1365 253 1426 in
284 1361 417 1426 somniis
447 1381 515 1425 sese
546 1361 576 1424 ei
606 1359 753 1438 offerens,
778 1359 817 1424 ad
840 1381 1004 1425 summum
1028 1361 1113 1425 hunc
1137 1360 1310 1426 destinaret

220 1485 384 1560 honorem,
407 1481 500 1547 facile
521 1481 724 1567 persolvitur.
762 1481 834 1546 Non
861 1503 969 1547 omnes
993 1485 1079 1548 enim
1103 1482 1142 1547 ad
1166 1480 1309 1547 ἔκστασιν

221 1608 336 1674 adduci
365 1625 466 1692 posse,
498 1605 551 1670 sed
583 1625 633 1670 eos
661 1604 894 1682 tantummodo,
919 1607 975 1689 qui
997 1607 1099 1670 enimi
1121 1607 1223 1669 nimia
1246 1607 1310 1670 sint

218 1729 398 1796 mobilitate
429 1732 523 1812 atque
554 1728 684 1812 ingenio
715 1725 754 1791 ad
786 1727 908 1791 somnia
930 1727 992 1791 sibi
1014 1725 1163 1813 fingenda
1185 1747 1311 1812 promp

218 1854 354 1929 tissimo,
383 1851 479 1936 probe
502 1851 644 1915 sciebant
667 1849 840 1914 sacerdotes
863 1850 1054 1936 Aegyptiaci
1078 1871 1155 1934 quos
1178 1852 1310 1915 somniis

218 1981 250 2040 et
273 1971 521 2058 interpretandis
546 1978 577 2036 et
601 1971 773 2036 excitandis
796 1971 905 2036 sedulo
929 1991 1061 2036 navasse
1085 1992 1212 2056 operam
1236 1969 1308 2056 §15

217 2095 369 2162 vidimus.
405 2094 515 2178 Neque
545 2098 652 2158 tamen
683 2091 800 2157 inutile
832 2094 902 2170 erit,
934 2091 1027 2177 plura
1058 2092 1116 2157 hac
1148 2091 1185 2157 de
1214 2095 1309 2157 rein

217 2217 362 2282 medium
396 2214 542 2300 proferre.
577 2213 774 2280 Evolvamus
808 2213 913 2296 modo¹
937 2213 1178 2287 celeberrimum
1213 2213 1309 2279 illum

218 2339 384 2424 dialogum
402 2336 655 2419 Poemendrum3
677 2335 753 2421 quid
768 2333 855 2400 aliud
874 2339 932 2413 est,
949 2337 1012 2400 nisi
1027 2333 1182 2413 ἔκστασις,
1198 2337 1231 2400 in
1248 2356 1310 2420 que

219 2458 419 2525 Poemandor
447 2457 596 2522 Hermeti
628 2477 694 2522 sese
726 2456 815 2522 offert
838 2460 929 2542 eique
953 2478 1060 2522 rerum
1083 2456 1194 2542 pandit
1216 2459 1311 2544 origi-

218 2578 315 2646 nem?
345 2579 457 2666 Ipsum
488 2578 656 2643 audiamus
678 2577 877 2657 Hermetem,
901 2579 1010 2644 Poem.
1038 2578 1076 2642 1:
1101 2578 1235 2652 Ἐννσίασ
1259 2581 1311 2656 μοι’

218 2726 293 2767 ποτε
325 2699 486 2780 γενομένης
520 2699 585 2780 περὶ
619 2700 676 2762 τῶν
700 2696 800 2780 ὄντων,
825 2699 876 2763 καὶ
901 2699 1147 2778 curcumcisione
1172 2723 1231 2777 μου
1254 2706 1309 2772 τῆς

220 2821 349 2893 διανοίαις
382 2818 512 2901 σφόδρα,
540 2820 792 2898 κατασχεθενσῶν
815 2844 850 2882 τε
874 2825 931 2884 τῶν
955 2822 1136 2898 σωματικῶν
1160 2844 1218 2898 μου
1244 2821 1310 2886 αἰσ-

219 2943 328 3018 θήσεων
355 2980 396 2992 -
420 2938 558 3020 καθάπερ
583 2942 607 3005 οἱ
631 2943 661 3005 ἐν
685 2937 765 3021 ὕτνῳ
788 2939 996 3020 βεβαρημένοι
1020 2941 1053 3006 ἐκ
1085 2941 1168 3021 κόρον
1196 2965 1231 3006 τε
1257 2941 1309 3007 καὶ

218 3072 331 3146 τροφῆς
358 3063 375 3139 ἣ
400 3063 433 3127 ἐκ
457 3063 550 3128 κότου
575 3063 715 3140 σώματος
737 3099 780 3112 -
801 3059 889 3139 ἔδοξά
909 3077 984 3128 τινα
1001 3062 1191 3142 ὑπερμεγέθη
1211 3063 1310 3146 μέτρῳ

218 3187 415 3266 accersitore
445 3185 649 3266 τυγχάνοντα
683 3192 791 3250 καλεῖν
823 3209 881 3261 μου
914 3185 947 3250 τὸ
979 3184 1074 3261 ὄνομα
1099 3185 1149 3250 καὶ
1176 3185 1310 3264 λέγοντά

218 3333 268 3388 μοι
310 3323 379 3374 κτλ.
431 3307 550 3388 Quidni
584 3328 750 3373 sumamus
784 3307 916 3373 huiusce
952 3307 1073 3394 dialogi
1107 3310 1311 3394 scriptorem,

219 3453 314 3520 quem
337 3430 528 3517 religionem
550 3429 642 3495 illam
665 3452 704 3496 ex
727 3431 934 3516 Aegyptiacis
958 3449 993 3494 ac
1017 3427 1145 3496 Graecis
1165 3433 1312 3495 caerimo-

218 3558 280 3620 niis
303 3556 442 3618 mixtam
466 3559 631 3638 pernotam
655 3551 803 3617 habuisse
827 3551 913 3617 haud
936 3550 1027 3616 facile
1053 3554 1124 3636 quis
1146 3557 1252 3638 neget,
1273 3553 1313 3616 ad

220 3674 384 3762 exemplar
418 3673 536 3739 Isiacae
570 3676 761 3739 initiationis
794 3673 941 3739 libellum
977 3671 1217 3758 conscripsisse?
1251 3672 1313 3739 Sed

221 3797 309 3864 aliud
344 3800 449 3861 exstat
488 3795 655 3880 multoque
696 3794 892 3860 luculentius
927 3797 1157 3861 testimonium.
1202 3796 1313 3881 Ipsum

220 3940 340 4005 nempe
363 3919 489 3984 Horum
513 3917 612 3983 libros
637 3917 674 3982 dc
698 3919 829 3982 somniis
853 3917 970 3984 divinis
993 3921 1206 4004 composuisse
1228 3919 1313 3984 fama

225 4090 394 4099 ——.--

255 4182 280 4243 1)
297 4179 333 4230 Ol.
351 4197 372 4229 e.
389 4195 411 4243 g.
428 4177 500 4241 Hym.
518 4177 593 4227 Andr.
611 4177 640 4226 11
660 4192 695 4241 sq.

255 4263 282 4328 2)
299 4263 332 4312 Et
349 4261 459 4311 Conone·
475 4261 548 4309 verbe
568 4260 715 4324 Apuleiana,
733 4259 778 4309 etsi
795 4276 843 4309 non
861 4259 892 4309 ed
909 4276 1028 4320 somnum,
1045 4261 1076 4309 ad
1093 4261 1213 4325 quandam
1232 4265 1313 4310 temen

224 4345 311 4394 mentis
334 4343 539 4394 abalienationem
561 4343 641 4402 refert,
664 4342 776 4406 idemque
799 4348 823 4392 et
839 4342 946 4392 Mithrae
964 4343 990 4392 in
1006 4343 1126 4408 mysteriis
1144 4343 1250 4394 evenisso
1267 4361 1315 4394 sue-

226 4427 328 4494 picatur,
345 4427 431 4476 'lentes
448 4431 473 4476 et
489 4425 556 4476 Mon.
572 4431 630 4476 tom.
648 4425 669 4484 I,
686 4441 711 4490 p.
729 4425 785 4476 323.
839 4427 844 4434 “
