3350 5264
891 465 954 530 118

380 646 472 723 μαίου
497 645 670 726 κατέχεται
694 648 750 722 μὲν
775 650 791 721 ἡ
813 624 869 711 τῶν
889 649 1055 728 ὀφθαλμῶν
1076 648 1155 728 ὄψις,
1180 652 1314 727 συμμύει
1340 676 1374 715 τε
1399 654 1472 716 οἰνα·

381 767 564 846 τεσσαμέννρ
585 757 640 845 μὲν
660 770 730 849 (μὲν
741 755 836 850 dell)
856 767 929 834 οὖσα
944 769 1100 857 πρότερον·
1120 773 1153 836 αι’
1166 772 1192 836 δ’
1206 769 1304 836 ἄλλαι
1318 773 1470 848 αἰσθήσεις

381 889 604 985 διεχνριρμένιιι
628 893 831 972 τυγχάνουσι,
856 891 907 955 καὶ
932 892 1181 958 συναισθανονται
1205 899 1267 965 πῶς
1289 895 1329 966 εἰς
1351 895 1385 960 τὸ
1404 902 1470 974 Φῶς

381 1013 405 1076 ol
430 1012 486 1076 θεοὶ
512 1012 720 1108 ἕκΦαῙνονται,
745 1008 803 1078 ὅσα
827 1037 860 1076 τε
885 1012 1026 1090 λέγουσιν
1049 1015 1189 1080 ἀκούουσι
1214 1015 1264 1078 καὶ
1289 1013 1345 1080 ὅσα
1370 1015 1472 1093 δρῶσιν

382 1133 466 1200 ἵταοι
491 1136 771 1215 σαρακοαουοοῦσαι
786 1133 821 1217 ¹).
857 1136 961 1220 Atque
985 1134 1144 1223 fulgorem
1168 1136 1262 1202 illum
1286 1159 1347 1202 non
1370 1139 1473 1210 solum

382 1277 443 1333 cos,
482 1260 537 1342 qui
571 1261 604 1321 in
636 1255 778 1321 ἔκστασιν
810 1260 879 1323 sive
911 1259 1123 1334 ἐνθουσιασμὸν
1156 1261 1220 1323 sint
1250 1259 1388 1338 adducti,
1419 1261 1474 1325 sed

383 1381 481 1443 ctiam
512 1379 591 1444 alios
624 1379 810 1465 quandoque
842 1383 1031 1465 conspicere,
1064 1381 1106 1444 ib.
1139 1379 1177 1444 6:
1201 1381 1246 1446 Τὸ
1271 1381 1301 1446 δὲ
1325 1383 1472 1461 μέγιστον

384 1501 491 1579 ὃροῖται
522 1501 563 1580 τῷ
597 1505 803 1578 θεομαχοῦντι
835 1503 867 1566 τὸ
893 1503 997 1566 κατιὸν
1022 1507 1146 1577 πνεῦμα
1171 1502 1222 1566 καὶ
1248 1503 1471 1592 εὶσκρινόμενον,

384 1619 449 1688 ὅσον
473 1625 506 1688 τέ
531 1625 594 1688 ἐστι
621 1625 672 1688 καὶ
699 1626 814 1690 lacior·
839 1633 993 1701 μυστικῶς
1017 1650 1052 1690 τε
1077 1626 1216 1690 πείθεται
1242 1625 1292 1690 οιαὶ
1318 1627 1475 1707 διακυβερ-

383 1747 485 1810 νᾶται.
517 1747 623 1825 ὃροῖται
656 1747 687 1810 δὲ
718 1747 769 1810 καὶ
803 1749 844 1825 τῷ
875 1747 1028 1828 δεχομένῳ
1055 1747 1094 1811 τὸ
1124 1751 1176 1812 τοῦ
1200 1746 1289 1826 τυρὸς
1314 1743 1391 1816 εἶδος
1417 1749 1472 1829 πρὸ

383 1872 435 1931 τοῦ
468 1867 627 1949 δέχεσθαι·
662 1869 754 1934 ἕνιότε
786 1869 891 1934 δὲκαὶ
917 1877 978 1941 τοῖς
1003 1870 1135 1950 θεωροῦσι
1161 1873 1255 1935 τοῖσιν
1280 1867 1405 1944 ἔνδηλον
1427 1872 1475 1949 ρι-

384 2013 477 2073 νεται,
502 1989 563 2056 εἴτε
589 1991 743 2063 κατιόντος
769 1993 785 2067 ἢ
808 1995 1036 2073 ἀναχωροῦντος
1058 1997 1112 2057 τοῦ
1133 1972 1207 2058 deod.
1236 1992 1422 2059 Damascius
1440 1997 1475 2058 in

384 2113 450 2176 vita
484 2113 597 2178 Isidori
631 2119 661 2192 (a
691 2115 809 2179 Photio
840 2119 999 2199 excerpta)
1032 2114 1095 2179 105
1127 2115 1282 2200 quomodo
1314 2137 1353 2180 ex
1382 2119 1477 2203 ignee

385 2237 487 2319 specie
521 2236 623 2300 forma
657 2242 805 2300 nascatur
840 2237 949 2301 divina
985 2239 1029 2300 sic
1065 2240 1211 2322 exponit:
1247 2240 1284 2301 ‘0
1319 2235 1346 2300 δ’
1378 2237 1408 2300 ἒν
1438 2238 1480 2318 τῷ

387 2359 480 2436 σοι’χιρ
505 2362 556 2420 τοῦ
581 2359 682 2437 φατὸς
707 2357 818 2439 Φανοὶς
841 2359 931 2434 ὄγκος
957 2352 1013 2422 οἷον
1037 2357 1152 2436 παγεὶς
1177 2359 1219 2430 εἷς
1244 2357 1401 2438 πρόσωπον
1425 2357 1482 2422 διο-

388 2481 551 2560 μορΦοῦτο,
584 2477 739 2558 τρόσοισον
766 2480 905 2558 ατεχνῶς
939 2479 1092 2544 θεσπέσιον
1124 2479 1159 2555 δή
1183 2479 1289 2544 τιίιαὶ
1315 2478 1477 2560 ὑπερφυές,

388 2601 420 2664 οὐ
443 2598 604 2676 γλυκείαις
629 2600 762 2680 χάρισιν,
787 2601 875 2664 ἄλλα
898 2600 1064 2680 βλοσυραῖζ
1091 2599 1326 2680 ἀγαλλόμενον,
1352 2600 1481 2665 καλλισ-

388 2747 438 2787 τον
469 2707 494 2786 δ”
525 2718 604 2799 ὅμως
638 2721 710 2787 ἰδεῖν
741 2722 792 2787 καὶ
817 2723 899 2787 οὐδὲν
923 2720 1010 2798 ἧττον
1036 2723 1084 2787 ἐπὶ
1109 2723 1149 2804 τῷ
1175 2723 1314 2802 βλοσυρῷ
1338 2724 1371 2788 τὸ
1395 2723 1480 2798 ἤπιον

388 2844 636 2920 ἐπιδεικνύμενον.
678 2844 727 2908 Ex
761 2847 801 2909 iis
837 2850 955 2922 autem,
991 2866 1071 2930 quae
1107 2851 1293 2930 sequuntur.
1328 2841 1388 2908 “ov
1423 2851 1478 2924 (sc.

387 2968 462 3052 θεὸν)
494 2955 703 3048 Ἀλεξανδρεῖς
736 2967 888 3042 ἐτίμασαν
915 2965 1035 3044 ’Όσιριυ
1066 2965 1138 3030 ὄντα
1170 2967 1221 3030 καὶ
1243 2965 1371 3030 Ἄδωνιν
1395 2965 1479 3030 κατὰ
1516 2965 1519 2971 ’

388 3092 442 3163 τὴν
472 3091 621 3166 μυστικὴν
654 3089 840 3168 θεοκραοίαν,
873 3089 916 3152 ib.
953 3089 1027 3166 106,
1059 3094 1155 3174 patet,
1189 3089 1227 3152 de
1258 3087 1398 3174 Syriacis
1427 3089 1480 3152 hic

389 3213 443 3296 agl
463 3212 663 3275 caerimoniis
682 3209 735 3272 vel
756 3209 793 3274 de
812 3210 1028 3296 Aegyptiacis.
1050 3208 1113 3273 Hic
1131 3209 1333 3286 Buarflruor,
1346 3212 1379 3274 in
1392 3230 1481 3295 opus-

390 3331 462 3397 culo
484 3334 501 3416 ξ
523 3331 564 3396 19
585 3353 616 3416 p.
636 3329 699 3394 114
719 3330 857 3407 laudate,
877 3331 1047 3416 vaporibus
1066 3351 1105 3395 ex
1125 3330 1254 3414 obliquo
1275 3330 1481 3409 collustratis,

391 3455 649 3542 imaginibusque
669 3452 795 3539 speculo
815 3454 1006 3536 repercussis
1025 3457 1147 3538 spectra
1166 3453 1279 3517 haecce
1295 3453 1483 3516 adumbrata

391 3598 458 3642 esse
481 3576 651 3652 contendit,
683 3597 714 3660 p.
739 3573 815 3639 245.
847 3574 958 3659 Neque
989 3595 1062 3638 sane
1085 3573 1210 3641 ,infitias
1241 3575 1370 3652 ibimus,
1403 3575 1484 3638 eius-

294 3685 296 3689 ’
391 3698 477 3763 modi
500 3699 690 3783 praestigias
714 3717 731 3760 a
755 3695 969 3760 sacerdotibus
990 3695 1177 3782 quandoque
1195 3695 1353 3760 adhibitas
1373 3695 1482 3772 fuisse,

391 3819 499 3904 plures
530 3839 602 3882 cum
633 3817 778 3882 adessent
808 3821 1015 3902 spectatores;
1046 3837 1160 3881 verum
1184 3815 1305 3902 singuli
1328 3837 1402 3880 cum
1425 3817 1484 3878 ini-

286 3942 289 3948 ’
392 3943 556 4016 tiarentur,
589 3959 665 4004 vero
698 3941 828 4025 propius
859 3943 1021 4022 putamus,
1046 3944 1170 4022 mystas
1192 3939 1226 4000 in
1249 3957 1359 4001 somno
1383 3948 1484 4001 exsta-

391 4064 454 4126 tico
486 4063 587 4125 nimia
618 4062 822 4146 cogitationis
854 4061 888 4123 vi
919 4080 987 4124 esse
1018 4059 1174 4144 abreptos.
1209 4057 1292 4123 Utut
1315 4059 1392 4124 haec
1407 4078 1483 4122 ‘sese

427 4351 452 4410 1)
474 4349 511 4398 Of·
535 4365 596 4413 quae
613 4354 736 4412 praetores
754 4349 785 4397 nd
802 4349 865 4400 hunc
882 4347 1039 4402 lucumonis
1057 4348 1138 4397 locum
1155 4348 1234 4398 adfert
1250 4347 1278 4398 L.
1296 4346 1432 4406 Duuuuun,
1448 4345 1485 4397 De

393 4432 555 4498 incubatione,
571 4447 596 4503 p.
614 4432 645 4480 10
663 4447 697 4502 eq.
