3354 5262
910 443 952 511 54

382 627 467 692 haud
498 627 591 693 dubie
615 631 658 693 sit
681 627 855 708 absolutus,
878 630 1002 694 nemini
1023 633 1130 693 tamen
1152 626 1338 713 persuadere
1360 629 1477 713 potuit,

382 771 415 815 se
443 752 578 835 magicis
608 751 730 816 artibus
761 772 857 816 usum
887 772 949 816 non
981 771 1057 816 esse.
1089 749 1194 836 Atque
1225 770 1264 814 ne
1294 769 1404 814 rursus
1426 750 1478 814 bic

381 871 546 956 proferam,
578 892 657 957 quae
688 893 706 937 a
738 871 911 960 philologis
941 871 1015 958 plus
1043 871 1142 937 semel
1164 870 1287 956 prolata
1311 875 1394 947 sunt,
1419 871 1478 936 hoc

380 998 519 1070 tantum,
543 994 626 1079 quod
650 997 672 1059 i.
687 1015 714 1060 a.
744 997 804 1061 viri
835 995 1011 1060 doctissimi
1030 994 1143 1059 Rounn
1157 991 1183 1074 1)
1203 999 1235 1058 et
1254 993 1478 1074 Morcnrcxo

381 1114 626 1180 observaverunt
656 1119 750 1200 atque
781 1121 1005 1199 exposuerunt,
1038 1115 1193 1201 urgueb0,
1218 1113 1392 1200 Apuleium
1415 1135 1478 1179 non

380 1255 503 1320 semper
533 1235 572 1300 ad
603 1257 648 1314 ea,
673 1257 752 1322 quae
780 1237 841 1302 sibi
865 1238 1065 1315 obiiciantur,
1090 1236 1285 1322 respondere,
1309 1237 1363 1302 sed
1385 1236 1479 1302 rebus

379 1377 471 1442 saepe
494 1356 611 1442 diuque
633 1359 799 1422 immorari
823 1357 1026 1423 secundariis.
1050 1357 1167 1437 Quodsi
1188 1357 1395 1423 demonstrari
1413 1377 1477 1422 non

379 1484 492 1564 potest,
512 1479 687 1564 Apuleium
707 1481 842 1566 magicis
862 1479 1004 1545 artificiis
1021 1479 1106 1544 mala
1118 1485 1313 1565 perpetrasse
1326 1479 1473 1557 facinora,

379 1605 485 1665 contra
512 1621 612 1685 neque
634 1603 745 1686 negari
767 1605 881 1686 potest,
905 1600 1080 1686 Apuleium
1103 1600 1241 1666 occultas
1264 1621 1314 1665 res
1336 1620 1476 1686 perscru-

378 1721 472 1786 tando
503 1742 613 1786 ansam
642 1722 800 1787 eiusmodi
830 1723 1011 1808 praebuisse
1038 1725 1298 1788 criminationum
1311 1719 1346 1803 ³).
1369 1722 1477 1786 Poste

377 1842 514 1906 rioribus
548 1847 631 1907 certe
662 1845 861 1928 temporibus
890 1844 976 1909 fama
1005 1843 1043 1908 de
1073 1841 1209 1929 Apuleio
1240 1863 1337 1929 mago
1360 1844 1395 1906 in
1417 1843 1477 1907 im-

378 1983 525 2028 mensum
544 1967 653 2030 crevit.
677 1964 897 2030 Madaurensis
922 1965 1006 2051 apud
1026 1962 1223 2031 Christianos
1242 1965 1474 2029 famosissimus

378 2086 616 2172 praestigiator,
648 2087 732 2172 apud
762 2085 898 2173 gentiles
930 2094 1082 2172 tanquam
1112 2086 1192 2153 alter
1222 2085 1369 2154 (lhristus
1399 2087 1475 2152 ferc-

381 2206 523 2286 saturo.

424 2326 509 2407 Quae
543 2349 617 2394 oum
649 2330 696 2394 ita
725 2331 799 2406 sint,
831 2349 958 2394 causam
987 2351 1049 2396 non
1079 2329 1182 2408 videa,
1214 2351 1271 2394 cur
1299 2328 1475 2416 Apuleium

381 2448 535 2535 symbolis
554 2451 660 2534 potius
678 2470 775 2535 quam
793 2453 924 2536 spectris
943 2454 1117 2538 magicisve
1136 2453 1256 2517 artibus
1268 2453 1476 2537 quantumvis

381 2569 478 2648 falsis,
512 2575 579 2634 tam
613 2570 817 2636 vehementer
850 2577 1033 2656 permotum
1062 2573 1169 2650 fuisse,
1194 2594 1290 2659 quam
1313 2575 1476 2660 exipsius

381 2696 469 2778 patet
490 2693 679 2770 narratione,
703 2697 892 2758 statuamus.

414 2921 441 2985 1)
458 2919 486 2969 u.
504 2919 603 2977 Rounu,
622 2920 657 2967 Zn
673 2919 800 2984 Apuleius,
818 2921 864 2970 Rh.
881 2920 946 2970 Mus.
964 2921 1006 2969 XL
1022 2937 1047 2986 p.
1064 2921 1104 2970 89.

415 3003 439 3064 2)
456 3002 484 3051 P.
506 3001 663 3060 Moucnnux,
686 3000 779 3066 Apulae
797 3003 924 3067 magicieu,
942 3003 1000 3052 Rev.
1018 3004 1041 3052 d.
1059 3004 1120 3052 deur
1137 3004 1217 3053 moni.
1235 3009 1293 3052 tom.
1312 3004 1352 3064 85,
1369 3021 1392 3069 p.
1413 3004 1472 3064 5843

380 3086 412 3135 cf.
430 3091 454 3134 ot
470 3087 540 3134 Rom.
558 3091 582 3133 et
598 3099 660 3148 mag.
679 3100 704 3149 p.
721 3083 769 3136 257
786 3101 822 3150 sq.

415 3169 439 3228 3)
456 3167 484 3216 P.
500 3167 657 3226 Mortuum,
674 3169 721 3231 Ap.
737 3183 801 3231 mag.
818 3183 842 3231 p.
860 3167 916 3226 601,
934 3169 964 3216 ci.
982 3173 1006 3216 et
1021 3167 1091 3218 Rern.
1109 3173 1133 3216 et
1149 3184 1212 3232 mag.
1230 3185 1255 3233 p.
1272 3169 1328 3218 291.

414 3251 439 3312 4)
455 3249 483 3299 P.
500 3249 657 3308 Marenem,
675 3249 721 3314 Ap.
738 3266 802 3314 mag.
818 3265 842 3314 p.
860 3250 1004 3310 cul-60&
1022 3251 1051 3299 cf.
1069 3256 1093 3300 ct
1108 3251 1178 3300 Rom.
1194 3257 1322 3316 etmagp.
1332 3249 1476 3304 292-307.
