3354 5262
744 504 785 570 35

220 687 350 773 „populi
374 686 616 752 fabulabantur.
632 733 640 750 .
654 687 684 749 .'’
702 686 735 766 ¹),
760 708 896 772 cumque
920 691 1088 774 navigium
1112 709 1130 752 a
1150 688 1309 753 sacerdote

218 817 375 874 sacratum
393 810 459 873 iam
478 810 559 872 mari
578 809 801 886 committitur,
824 811 950 885 „cuncti
966 808 1077 894 populi
1088 814 1156 874 tam
1167 808 1312 894 religiosi

218 951 314 1015 quam
336 930 458 1015 profani
480 950 600 995 vannos
623 933 751 994 onustas
775 932 926 994 aromatis
950 935 982 994 et
1004 929 1219 995 cuiuscemodi
1239 951 1312 1014 sup-

217 1051 322 1137 pliciis
345 1053 492 1116 certatim
511 1055 688 1136 congerunt
706 1055 738 1116 et
757 1053 887 1136 insuper
906 1051 1022 1116 fluctus
1040 1051 1142 1116 libant
1161 1054 1312 1116 intritum

217 1171 299 1237 lacte
328 1173 527 1237 confectum'’
541 1172 577 1252 2).
611 1171 689 1251 Quis
716 1177 825 1236 autem
850 1193 913 1237 non
937 1171 1054 1249 videat,
1077 1157 1162 1238 illud
1187 1175 1312 1250 „cuncti

218 1293 350 1380 populi’'
381 1315 443 1359 non
475 1299 567 1371 „tous
590 1292 637 1358 les
660 1293 812 1378 peuples''
837 1293 953 1371 valere,
979 1294 1033 1358 sed
1055 1293 1164 1358 eadem
1189 1293 1311 1358 dicendi

218 1417 341 1480 ratione
356 1415 412 1479 *hic
431 1416 481 1478 uti
500 1413 672 1499 Apuleium
693 1436 754 1500 qua
772 1413 1000 1492 Franco-Galli,
1021 1435 1095 1479 cum
1106 1417 1309 1480 notissimum

219 1535 303 1602 illud
323 1541 416 1614 „tout
433 1535 464 1601 le
483 1535 629 1601 monde'*
640 1541 768 1621 crepant
786 1557 843 1601 nec
863 1541 969 1600 tamen
986 1541 1090 1600 totum
1106 1536 1193 1602 hisce
1205 1537 1311 1602 verbis

222 1658 388 1746 designant
409 1661 607 1723 universnm.

266 1778 386 1845 Verum
421 1781 507 1844 hisce
536 1801 575 1844 ne
599 1781 794 1862 insistamus,
820 1777 874 1842 sed
897 1799 936 1842 ex
959 1780 1028 1862 ipsa
1050 1781 1158 1863 potius
1182 1778 1316 1864 desonp

221 1903 317 1980 tione,
352 1922 449 1987 quam
483 1903 672 1966 initiationis
706 1899 835 1986 praebet
854 1899 1103 1978 Madaurensis,
1139 1900 1316 1979 videamus,

205 2023 298 2108 vquid
320 2023 358 2088 de
379 2025 581 2088 initiatorum
603 2043 735 2087 numero
759 2021 1186 2087 statuendumsitlrueius
1209 2027 1317 2088 autem
1360 2105 1362 2113 Ι

223 2180 265 2193 -
292 2143 366 2209 inde
390 2146 476 2208 enim
499 2165 609 2210 revera
632 2143 670 2210 de
693 2146 863 2228 semetipso
886 2142 1029 2228 loquitur
1052 2142 1209 2229 Apuleius
1226 2149 1251 2223 ³)
1275 2170 1317 2192 -’-

223 2265 369 2331 sedulum
393 2265 515 2332 colendi
540 2267 681 2356 numinis
701 2265 881 2350 frequentat
898 2267 1125 2330 ministerium.
1145 2265 1190 2330 Ut
1207 2268 1316 2350 ipsum

223 2387 405 2454 audiamus:

275 2510 361 2589 „Nec
383 2512 490 2575 minus
511 2513 546 2574 in
568 2509 635 2574 dies
653 2509 736 2572 mihi
755 2510 860 2594 magis
878 2510 1044 2594 magisque
1062 2508 1315 2594 accipiendorum

230 2653 388 2698 sacrorum
420 2631 533 2718 cupido
564 2630 717 2717 gliscebat
743 2632 940 2714 summisque
963 2629 1107 2715 precibus
1129 2633 1318 2716 primarium

231 2755 424 2821 sacerdotem
436 2757 462 2833 ⁴)
493 2755 676 2838 saepissime
708 2772 926 2828 conveneram,
941 2755 1064 2836 ‚petens
1085 2757 1123 2815 ut
1145 2773 1198 2816 me
1220 2754 1321 2816 noctis

231 2882 369 2942 sacratae
387 2875 516 2940 tandem
535 2875 655 2939 arcanis
674 2875 826 2937 initiaret.
846 2873 889 2936 As
908 2870 964 2937 ille
983 2875 1036 2938 vir
1054 2871 1195 2956 alioquin
1213 2875 1322 2958 gravis

231 3005 263 3064 et
286 2999 408 3064 sobriae
430 2995 596 3084 religionis
621 2996 837 3060 observatione
859 2993 1008 3071 famosus,
1033 2992 1204 3058 elementer
1222 3013 1257 3057 ac
1277 2995 1324 3058 cc-

232 3123 328 3185 miter
357 3125 389 3185 et
419 3125 456 3184 ut
479 3118 580 3184 solent
603 3123 748 3204 parentes
770 3114 1137 3181 inmaturisliberorum
1161 3114 1324 3179 desideriis

232 3242 416 3320 modificari,
440 3263 547 3306 meam
570 3239 713 3304 differens
735 3240 932 3316 instantiam,
952 3240 1020 3322 spei
1037 3237 1178 3303 melioris
1199 3236 1322 3302 solaciis

234 3365 375 3450 alioquin
394 3365 526 3428 anxium
544 3363 627 3426 mihi
638 3359 855 3447 permulcebat
867 3362 1021 3424 animum.
1041 3359 1134 3424 Nam
1154 3365 1190 3442 et
1210 3359 1321 3436 diem,

235 3529 405 3544 b———nn-—d

270 3643 294 3704 l)
311 3641 371 3690 Met.
389 3637 431 3697 XI,
450 3639 489 3686 16.
705 3633 729 3695 2)
745 3632 805 3680 Met.
822 3631 867 3679 l.l.

271 3726 296 3787 3)
319 3725 357 3773 Oi.
376 3723 488 3780 Larua,
505 3717 570 3767 Hist.
588 3716 611 3766 d.
630 3717 695 3765 culte
711 3715 755 3763 des
773 3714 821 3762 dir.
840 3711 934 3760 d’Alex.
946 3727 974 3776 p.
992 3711 1081 3776 resq:
1099 3713 1153 3771 „On
1170 3709 1328 3782 peutgdistin·

239 3825 297 3875 guar
320 3807 379 3856 dens
401 3805 425 3854 le
442 3801 548 3852 onzibme
565 3801 626 3850 livre
643 3800 705 3848 deux
722 3797 820 3862 parties.
838 3794 873 3843 La
889 3794 1005 3859 promitte
1022 3794 1119 3844 s'arrtta
1137 3794 1151 3843 b
1167 3795 1281 3844 l'endroit
1298 3794 1330 3844 od

239 3892 328 3942 Lucius
344 3889 445 3954 ropronrl
461 3888 487 3937 lo
504 3888 579 3935 forme
597 3883 723 3941 homnium
739 3881 797 3930 c'sot
815 3879 876 3927 cello
892 3879 951 3928 dana
965 3878 1071 3944 laquelle
1085 3879 1121 3928 les
1136 3885 1260 3942 emprunts
1275 3885 1330 3928 sont

240 3977 275 4026 lea
298 3974 354 4039 plus
376 3971 505 4028 sensihleo;
525 3969 550 4017 la
567 3963 729 4032 personnalitd
748 3962 778 4012 de
794 3962 900 4010 l'auteur
913 3977 943 4009 na
961 3961 996 4026 s’y
1013 3967 1106 4010 montre
1122 3977 1179 4025 pse3
1197 3961 1248 4010 rien
1265 3960 1332 4008 n’ou·

240 4059 313 4108 toriae
330 4057 344 4104 b
360 4055 397 4104 lui
415 4053 533 4102 attribuer
549 4067 575 4100 ce
593 4049 653 4114 qn'il
669 4064 684 4112 y
700 4047 738 4095 dit
754 4046 783 4092 do
800 4060 844 4092 son
859 4042 939 4092 heroe.
953 4042 988 4091 La
1001 4043 1102 4092 seconde
1117 4061 1132 4092 a
1145 4060 1178 4092 un
1192 4049 1247 4092 tout
1261 4048 1330 4091 autre

241 4138 368 4190 caractere.
390 4136 479 4185 Lucius
501 4140 537 4184 est
556 4129 679 4197 dipouilld
696 4129 725 4178 de
742 4143 785 4175 son
802 4125 946 4188 envclopp03
964 4125 987 4173 le
1004 4125 1104 4174 mirecle
1121 4132 1158 4174 est
1172 4125 1289 4190 accompli
1307 4130 1332 4172 et

241 4223 268 4272 la
289 4219 481 4284 metamorphose
502 4215 625 4266 terminio.
649 4212 714 4260 O'est
737 4209 801 4258 olore
821 4205 955 4271 qu'Apule'e
973 4223 997 4255 se
1014 4214 1064 4256 met
1081 4224 1111 4256 en
1128 4207 1209 4266 scbne;
1227 4208 1246 4255 il
1263 4205 1333 4256 sebit

242 4311 305 4354 cette
321 4303 432 4352 occasion
445 4301 568 4363 d'exposer
582 4313 620 4346 see
633 4293 698 4344 iddes
711 4309 752 4342 sur
765 4291 790 4340 la
805 4289 907 4354 religion
921 4289 961 4338 des
976 4290 1144 4350 Alexandrino,
1158 4305 1211 4338 vers
1226 4289 1334 4353 laquelle

243 4404 280 4437 aas
296 4387 407 4451 opinione
423 4381 621 4448 philosophiques
639 4378 751 4427 devaient
768 4379 822 4424 tout
838 4372 1025 4421 naturelloment
1041 4371 1206 4421 l'entrsiner”.

278 4473 302 4532 4)
314 4469 351 4518 De
365 4466 481 4533 primerio
497 4465 619 4514 sacerdote
633 4463 663 4510 ci.
677 4461 789 4516 Lauare,
805 4455 870 4504 Hist.
885 4455 908 4503 d.
923 4453 1334 4518 cultedesdivd'dlenp.132sq.
