3354 5262
858 1251 966 1351 aa<

389 1459 552 1526 Sancrunii
581 1445 698 1527 novem
728 1481 784 1546 per
814 1459 917 1526 lustra
948 1463 1065 1528 mansit
1095 1443 1231 1526 immota
1261 1465 1444 1540 auctoritas,

344 1581 452 1659 donec,
473 1585 639 1648 notissimo
658 1582 714 1648 illo
733 1582 826 1662 libro,
847 1586 899 1648 cui
919 1582 1034 1647 titulus
1054 1585 1228 1668 inscriptus
1248 1589 1296 1648 est
1309 1582 1447 1668 „Aglao
1471 1660 1473 1664 Ι

343 1705 492 1788 phamus,
517 1706 583 1768 sive
607 1704 644 1768 de
668 1703 850 1789 theologiae
874 1705 1029 1789 mysticae
1052 1696 1249 1770 Graecorum
1269 1689 1395 1770 causis''
1413 1708 1447 1770 in

301 1907 304 1914 Ι
342 1825 448 1890 lucem
478 1828 605 1903 emisso,
638 1847 856 1910 quaecumque
886 1827 920 1889 in
945 1825 1108 1891 Sancrnnii
1132 1847 1225 1912 opere
1248 1827 1356 1891 minus
1378 1847 1448 1912 pro·

343 1946 446 2010 banda
471 1952 556 2024 sunt,
581 1947 788 2012 vehementer
810 1949 1018 2032 impugnavit
1041 1947 1229 2026 Lobeclrius,
1254 1947 1446 2033 firmumque

343 2066 472 2130 tandem
504 2070 611 2151 posuit
636 2067 893 2144 fundamentum,
917 2069 970 2131 cui
993 2070 1096 2131 tutius
1119 2070 1154 2132 in
1176 2073 1341 2153 posterum
1364 2071 1447 2134 inae-

243 2184 247 2190 ’
343 2185 506 2251 dificerent
537 2187 707 2274 philologi.
740 2187 870 2263 Etenim
897 2209 959 2251 non
983 2187 1088 2252 solum
1110 2189 1267 2277 indefessa
1289 2190 1446 2255 industria

343 2306 396 2373 vel
428 2327 467 2372 ex
497 2308 759 2373 reconditissimis
783 2307 910 2394 angulis
934 2310 1050 2386 omnia,
1076 2330 1156 2394 quae
1179 2311 1219 2374 ad
1242 2331 1329 2376 sacra
1352 2314 1447 2395 perti-

342 2434 438 2493 neant
462 2431 610 2515 mystica,
636 2428 768 2516 collegit
792 2429 943 2512 undique,
969 2428 1024 2493 sed
1047 2431 1146 2494 etiam
1166 2430 1204 2494 ad
1224 2431 1307 2515 quod
1327 2436 1447 2517 myste-

342 2553 466 2615 riorum
489 2571 591 2636 genus
613 2551 775 2616 reserenda
798 2556 904 2615 essent
923 2549 1061 2636 singula,
1083 2549 1261 2616 incredibili
1280 2550 1447 2636 indagavit

347 2674 530 2758 sagacitate.

392 2791 476 2859 Ourn
507 2799 617 2858 autem
646 2793 834 2871 Lobeckius,
867 2796 1028 2860 occasione
1060 2793 1175 2871 oblata,
1209 2792 1247 2858 dc
1271 2794 1447 2878 peregrinis

346 2935 470 2998 quoque
494 2916 617 2999 copiose
641 2913 774 2978 disserat
798 2913 913 2990 teletis,
940 2935 1086 2999 cumque,
1111 2918 1149 2978 ut
1171 2915 1217 2976 ita
1242 2913 1355 2990 dicam,
1380 2913 1447 2977 the-

346 3055 477 3099 saurnm
507 3055 616 3099 rerum
647 3037 858 3120 mysticarum
889 3033 1068 3122 collegerit,
1101 3055 1171 3120 spes
1202 3035 1285 3099 mihi
1315 3033 1444 3111 affulsit,

345 3176 436 3240 posse
470 3155 543 3218 inde
578 3155 734 3238 quaedam
768 3155 900 3220 fortasse
932 3161 964 3220 et
993 3159 1028 3220 in
1058 3157 1191 3220 huiusce
1222 3155 1447 3240 disputationis

345 3295 442 3340 usum
476 3277 629 3353 converti,
665 3295 722 3340 nec
758 3295 828 3360 spes
864 3297 917 3340 me
946 3275 1068 3340 fefellit.
1103 3275 1227 3360 Nempe
1257 3278 1292 3339 in
1323 3275 1447 3340 decima

346 3399 458 3481 quinta
480 3397 578 3480 primi
599 3395 675 3462 libri
698 3397 898 3482 paragrapho
922 3399 991 3482 ipsa
1016 3396 1228 3474 αἰνιγματώδη
1248 3395 1307 3461 1111
1330 3395 1448 3481 Apulei

346 3517 443 3581 verba
472 3516 630 3601 explicare
660 3522 802 3594 conatur,
833 3539 890 3582 nec
922 3517 1032 3603 procul
1063 3517 1153 3595 afuit,
1187 3519 1215 3581 11
1243 3516 1321 3602 quid
1344 3516 1446 3594 vidae,

346 3639 423 3723 quin
447 3658 579 3722 scopum
601 3639 718 3703 feriret.
749 3636 810 3702 Sed
834 3638 953 3704 diversi
976 3641 1102 3724 generis
1125 3660 1185 3716 res,
1210 3639 1296 3724 quod
1319 3659 1448 3724 magno·

346 3779 419 3844 pere
443 3758 624 3836 dolendum,
649 3760 708 3825 hoc
730 3758 798 3824 loco
817 3761 902 3824 inter
922 3780 955 3824 se
975 3760 1116 3824 confudit
1135 3766 1229 3844 atque
1250 3729 1446 3844 permiscuit,

345 3881 392 3941 111
415 3883 452 3942 ut
475 3878 693 3963 explicationis
716 3879 862 3964 indigeat
884 3879 1062 3964 explicatio.
1091 3881 1196 3964 Atque
1219 3901 1294 3944 curn
1316 3878 1406 3943 locus
1430 3901 1446 3943 e

346 4003 495 4063 contextu
525 4003 569 4064 sic
595 4004 715 4064 temere
745 3998 842 4065 evelli
865 4022 927 4064 non
951 4003 1061 4084 possit,
1084 4020 1185 4084 pauca
1209 3999 1247 4065 de
1270 4005 1337 4066 tota
1359 4021 1448 4086 para-

296 4197 297 4200 ,
345 4121 478 4206 grapho,
503 4141 656 4204 quorsum
680 4119 798 4198 tendat,
823 4121 992 4206 praefanda
1016 4125 1101 4185 sunt.

391 4241 511 4324 Agitur
531 4239 569 4304 de
589 4261 782 4326 magnorum
802 4262 882 4326 quae
903 4241 1053 4308 Eleusine
1073 4241 1312 4309 celebrabantur
1330 4249 1448 4330 myste-

345 4363 468 4425 riorum
493 4361 654 4442 παννυχῶι
675 4362 943 4449 uehementerque
964 4366 1154 4451 perstringit
1177 4364 1355 4430 Lobeckius
1373 4363 1448 4431 San-
