3350 5264
748 483 788 550 77

222 663 316 746 ἕτεροί
339 690 417 736 τινες
442 666 467 730 οἱ
491 668 595 729 ταῦτα
609 665 850 741 διακονούμενοι.
876 666 959 746 Quin
983 671 1014 731 et
1038 667 1197 753 gentilieii
1220 670 1315 753 scrip-

206 793 304 879 tores
335 786 471 852 eundem
503 789 536 851 in
568 786 700 852 modum
733 787 919 881 quandpque
949 787 1125 873 loquuntur
1132 810 1140 867 ;
1166 789 1205 854 cf.
1230 811 1257 854 e.
1280 811 1313 876 g.

221 907 399 973 Diodorum
430 907 586 986 Siculum,
618 908 655 973 de
687 907 788 973 Idaeis
821 907 967 995 Dactylis
1000 909 1077 974 haec
1107 913 1141 974 in
1165 910 1315 1005 'medium

221 1030 441 1114 proferentem,
468 1028 505 1106 V,
531 1029 590 1094 64:
617 1027 813 1108 ὑπάρξαντας
839 1031 870 1094 δὲ
889 1029 1010 1107 ράητας
1036 1031 1230 1106 ἐπιτηδεῦσαι
1256 1031 1314 1104 τάς

221 1177 256 1216 τε
287 1152 404 1232 ἐπῳδάς
437 1151 488 1216 καὶ
521 1154 653 1225 τελετάς
682 1155 733 1217 καὶ
758 1153 920 1238 μυστήρια,
947 1152 997 1216 καὶ
1022 1153 1088 1232 περὶ
1115 1155 1315 1239 Σαμοθρηίκην

221 1275 435 1356 διατρίψαντες
468 1277 501 1340 οὐ
533 1276 661 1353 μετρίως
694 1276 724 1339 ἒν
755 1277 872 1347 τούτοις
906 1275 1091 1348 ἐκπλήττειν
1122 1276 1190 1349 τοὺς
1216 1278 1317 1357 ἐρχα-

220 1397 308 1478 ρίους.
340 1397 450 1462 Unum
482 1419 520 1462 ex
552 1397 619 1466 illis
642 1397 816 1462 Herculem
843 1402 990 1463 vocatum
1014 1403 1176 1475 asserunt,
1200 1404 1316 1473 σημεῖα

221 1519 252 1584 δὲ
286 1519 398 1584 τούτων
429 1518 511 1598 Φασὶ
544 1519 697 1596 διαμένειν
729 1518 762 1582 τὸ
795 1519 915 1588 πολλάς
939 1525 1000 1582 τῶν
1020 1525 1170 1597 γυναικῶν
1193 1515 1238 1582 ἔτι
1262 1518 1313 1595 καὶ

221 1645 271 1704 νῦν
299 1639 477 1718 λαμβάνειν
502 1639 620 1720 ἕπιρδάς
645 1640 708 1704 άπὸ
734 1639 841 1705 τούτου
865 1645 917 1704 τοῦ
942 1642 1006 1704 θεοῦ
1030 1640 1081 1704 καὶ
1106 1641 1315 1718 περιάμματα

223 1770 330 1840 ποιεῖν,
363 1763 400 1834 ὥς
429 1753 590 1840 γεγονότος
614 1763 709 1826 αὐτοῦ
733 1762 842 1838 γόητος
868 1762 918 1825 καὶ
943 1763 984 1826 τά
1008 1761 1074 1835 περὶ
1099 1761 1157 1834 τάς
1183 1761 1315 1834 τελετάς

222 1883 497 1955 ἐπιτετηδευκότος.
1110 1874 1112 1876 ’
1342 1971 1346 1980 ι

266 2005 384 2084 Quodsi
415 2007 486 2090 quis
518 2026 631 2091 magos
661 2025 757 2088 quarn
785 2001 925 2069 maxime
950 2025 967 2068 a
990 2006 1154 2090 mysteriis
1178 2006 1315 2070 arcuisse

220 2128 393 2193 sacerdotes
429 2127 646 2192 Eleusiniacos
663 2127 685 2200 ¹)
717 2128 877 2203 observet,
922 2147 996 2206 eum
1032 2132 1141 2191 contra
1176 2127 1314 2212 rogabo,

219 2270 298 2312 num
322 2247 554 2332 Neoplatoniei‚
578 2250 634 2332 qui
657 2253 765 2311 tamen
788 2247 886 2311 multi
909 2249 943 2311 in
968 2249 1104 2333 magicis
1129 2227 1226 2311 erant
1242 2250 1315 2311 art'-

218 2369 307 2446 ficiis,
332 2370 629 2455 praestigiatoribus
655 2389 796 2454 unquam
820 2390 887 2434 sese
903 2364 1203 2434 adnumeraverintl
1226 2367 1314 2432 Dum

219 2494 362 2570 γοητείαν
393 2492 665 2568 abominabantur,
698 2489 842 2555 colebant
872 2491 1066 2576 theurgiam,
1090 2511 1147 2554 neo
1172 2489 1315 2576 theurgi·

219 2635 271 2680 cae
295 2617 513 2690 caerimoniae,
538 2621 575 2677 ut
599 2634 694 2697 supra
717 2614 932 2698 exposuimus,
958 2633 975 2676 a
994 2613 1142 2697 mysticis
1162 2615 1314 2677 caerimo-

218 2738 280 2800 niis
300 2735 391 2820 plane
412 2736 639 2820 discrepabant.
665 2735 748 2813 Quid
771 2736 890 2798 mirum
913 2735 1026 2818 igitur,
1047 2734 1074 2796 si
1094 2753 1110 2796 a
1130 2731 1313 2798 Platonicae

217 2857 434 2944 philosophiae
453 2857 660 2922 sectatoribus
681 2864 711 2920 et
731 2854 873 2938 δριδοῦχοι
888 2853 914 2934 2)
934 2855 1032 2918 creati
1045 2859 1119 2917 sunt
1131 2859 1164 2918 et
1176 2853 1314 2932 ἱεροφάν-

217 3005 269 3044 ται
284 2976 330 3058 ³)?
362 2979 473 3063 Neque
503 2977 689 3043 sacerdotali
712 2997 844 3041 munere
867 2997 941 3040 oum
965 2975 1184 3061 fungerentur,
1209 2976 1311 3060 magi·

217 3121 325 3164 earum
346 3103 464 3165 artium
483 3103 694 3164 immemores
710 3104 808 3162 erant.
842 3096 889 3164 Of.
911 3118 990 3182 quaa
1009 3095 1308 3171 Zosimusenarrat,

217 3229 328 3286 auctor
351 3222 411 3286 tide
434 3225 567 3286 minime
586 3221 747 3306 indignus,
769 3219 820 3303 IV,
844 3219 902 3283 18:
923 3219 1118 3298 Nsertpw)
1139 3218 1168 3281 ἐν
1189 3217 1308 3290 ἐκείνοις

215 3390 385 3398 n—-——--

251 3480 275 3541 1)
293 3479 330 3528 cf.
347 3477 490 3526 Philostrut.
507 3476 523 3524 i.
541 3471 590 3524 vit.
604 3475 686 3539 Apoll.
705 3473 748 3532 IV,
768 3474 806 3523 18.

250 3563 274 3623 2)
292 3561 329 3610 Of.
347 3561 535 3617 Gnneonovrus,
556 3558 640 3606 Gesoh.
659 3558 700 3605 der
718 3557 788 3605 Stadt
805 3555 885 3604 Athen
900 3555 934 3604 im
947 3555 1209 3614 Mittelalter,tom.1,
1224 3571 1248 3620 p.
1263 3555 1307 3616 28;

216 3645 245 3694 cf.
272 3653 296 3693 ct
320 3660 344 3708 p.
373 3645 415 3691 55:
443 3641 501 3703 (Die
527 3641 669 3689 Platonilrer
694 3639 747 3688 eine
774 3638 870 3700 Schula)
891 3639 1078 3697 „eleusinisoher
1095 3638 1242 3687 Schwirmer
1260 3638 1309 3708 und

216 3725 403 3775 Gcietersehcr”.

250 3811 274 3872 3)
290 3809 327 3859 cf.
344 3810 438 3874 Euuap.
459 3808 475 3858 i.
493 3807 536 3856 vit.
554 3807 621 3854 Max.
639 3806 675 3854 ed.
694 3804 785 3853 Boias.²
805 3804 831 3852 in
848 3803 904 3853 coll.
922 3803 977 3854 Did.
995 3820 1019 3868 p.
1037 3803 1093 3856 475.

248 3893 274 3953 4)
296 3892 401 3942 Nestorii
425 3898 488 3940 artes
505 3890 612 3954 magicae
630 3895 712 3952 postea
730 3887 816 3935 Proclo
834 3886 978 3950 philosopho
996 3886 1129 3936 innotuisse
1145 3886 1218 3934 refert
1234 3883 1310 3933 Mari·

172 4005 174 4014 .
216 3991 267 4032 nus,
290 3974 343 4024 Vit.
367 3974 444 4022 Procl.
469 3973 513 4022 28:
537 3973 594 4028 ταῖς
616 3970 664 4032 γάρ
688 3973 737 4016 τῶν
755 3966 884 4016 Χαλδαίαν
901 3967 1044 4016 τυττάτεοι
1061 3967 1102 4016 καὶ
1118 3964 1249 4030 ἐντυχίαιρ
1266 3965 1307 4014 καὶ

216 4058 269 4114 τοῖς
290 4057 360 4114 θείοις
378 4056 419 4105 καὶ
436 4053 587 4118 άφάέγκτοις
606 4050 756 4114 οτροφάλοις
775 4049 896 4112 ἐκέχρητο
914 4057 955 4114 (ac.
973 4051 1088 4113 Proclus).
1105 4049 1146 4099 ucri
1159 4051 1207 4113 γάρ
1223 4051 1308 4098 ταῦτα

216 4137 369 4201 παρειλήφει,
395 4139 437 4186 καῖ
462 4139 508 4194 τὰς
537 4132 683 4198 ἐκφωνήσεις
710 4132 752 4182 καὶ
778 4133 823 4189 τήν
852 4131 930 4189 άλλην
956 4136 1046 4196 χρήτιν
1067 4131 1149 4181 αὐτῶν
1173 4129 1307 4194 μεμαθήκει

217 4222 282 4282 παρά
309 4220 530 4282 Ἀτκληπιγενείας
556 4221 601 4274 τής
627 4214 798 4278 Πλουτάρχου
825 4216 973 4280 (philosophi
997 4216 1119 4265 Platonici
1144 4231 1172 4263 ac
1198 4213 1308 4278 magistri

215 4302 304 4364 Procli)
328 4301 456 4366 θυγατρός.
479 4302 536 4362 παρ’
560 4297 623 4363 αιἰτή
646 4300 695 4361 γάρ
713 4297 755 4346 καὶ
772 4299 832 4360 μάνη
852 4297 962 4362 ἐσώζετο
980 4297 1029 4347 άπό
1046 4297 1182 4359 Νεοτορίου
1200 4299 1245 4344 ποκ’
1264 4312 1307 4356 με·
1372 4354 1373 4357 ¹

215 4385 297 4447 ιγάλου
319 4385 392 4449 ’ὄργια
417 4383 459 4433 καὶ
480 4382 494 4438 ή
513 4382 637 4444 τάμπαοα
654 4379 779 4444 άεουργική
798 4379 896 4443 άγοιγή,
914 4379 954 4430 διά
972 4384 1017 4430 τοῦ
1036 4381 1129 4442 πατρὸς
1147 4377 1210 4442 αἷιτή
1227 4394 1308 4441 παρα-

216 4466 320 4517 δοθεῖσα.
