3354 5262
913 471 955 538 52

380 652 475 740 longe
500 653 592 718 aliter
610 674 659 718 111
680 674 712 718 11
730 653 834 718 habet.
857 652 919 717 Vix
938 653 1043 719 ullum
1055 660 1122 720 tota
1134 657 1323 741 antiquitate
1335 659 1478 722 invenias

382 781 552 858 auctorem,
585 777 641 860 qui
672 773 764 860 plura
796 775 833 839 de
865 778 1007 860 spectris,
1044 777 1082 842 de
1113 783 1314 842 mortuorum
1345 780 1476 862 umbris,

382 901 477 982 atque
511 899 639 961 omnino
673 896 711 962 de
745 897 838 962 rebus
872 899 963 961 miris
998 901 1193 983 magicisque
1228 899 1375 984 proferat.
1406 902 1477 988 Age

380 1024 487 1106 ipsum
511 1019 640 1098 librum,
672 1019 756 1084 unde
780 1018 952 1084 Isiacorum
976 1023 1239 1085 caerimoniarum
1263 1021 1477 1088 desumsimus

383 1142 634 1228 descriptionem,
666 1144 889 1228 inspiciamus;
925 1143 963 1206 ab
995 1145 1088 1208 initio
1123 1143 1161 1208 ad
1192 1144 1288 1209 finem
1318 1145 1477 1210 mirabilia

383 1267 579 1330 somniorum
609 1269 772 1329 occurrent
807 1266 885 1340 visa,
921 1262 1099 1342 simulacra,
1134 1264 1400 1342 terriculamenta,
1430 1268 1477 1330 in-

382 1391 590 1466 cantationes,
633 1387 935 1474 transfignrationes.
981 1387 1040 1453 Tot
1076 1387 1229 1453 miracula
1263 1389 1348 1454 haud
1383 1389 1475 1456 facile

381 1516 538 1574 enarasset
569 1511 711 1593 scriptor,
744 1511 806 1572 nisi
832 1514 1016 1573 1111111111
1039 1509 1201 1574 miraculis
1223 1513 1356 1596 cepisset
1378 1511 1476 1578 delec-

380 1635 544 1698 tationem.
558 1631 619 1696 Sed
634 1635 743 1717 ipsum
755 1634 861 1715 potins
873 1633 910 1696 de
923 1635 1092 1717 semetipso
1105 1633 1271 1698 audiamus
1282 1641 1473 1700 narrantem.

426 1753 554 1830 Lucius,
585 1755 640 1837 qui
671 1755 790 1837 primas
821 1753 954 1818 huiusce
985 1753 1111 1819 fabulae
1135 1758 1204 1840 agit
1226 1760 1341 1840 partes,
1366 1759 1400 1820 in
1423 1778 1475 1842 op-

381 1875 454 1960 pido
483 1875 623 1961 Hypatis
654 1895 733 1958 quae
766 1877 895 1938 visurus
926 1877 968 1939 sit
999 1875 1168 1958 mirabilia,
1201 1897 1310 1942 secum
1336 1883 1473 1962 reputat,

383 1999 517 2075 „anxius
548 1995 710 2082 alioquin”
736 1995 777 2044 -’-
802 2001 839 2061 11
868 1999 969 2081 ipsius
1000 2004 1073 2062 utar
1105 1999 1274 2064 verbis-
1302 2005 1355 2076 „et
1377 2001 1474 2064 1111111

381 2118 514 2203 cupidus
544 2117 752 2204 cognoscendi
783 2139 862 2202 quae
894 2139 963 2182 rara
985 2121 1129 2204 miraque
1154 2127 1237 2205 sunt,
1261 2127 1473 2207 reputansque

319 2281 321 2284 -
381 2262 432 2304 me
455 2240 559 2306 media
582 2239 762 2304 Thessaliae
784 2238 852 2304 loca
875 2246 989 2317 tenere,
1015 2263 1076 2326 quo
1100 2245 1178 2306 artis
1202 2247 1346 2329 magicae
1365 2245 1473 2308 nativa

381 2364 561 2426 cantamina
579 2364 677 2426 totius
698 2362 782 2426 orbis
802 2383 936 2426 consono
958 2363 1234 2443 ore'celebrentur,
1248 2403 1289 2416 -—
1303 2386 1472 2452 suspensus

380 2481 522 2568 alioquin
542 2488 573 2546 11
590 2487 665 2546 voto
683 2479 780 2546 simul
792 2487 824 2546 et
836 2482 941 2551 studio
953 2485 1075 2548 curiose
1088 2484 1214 2570 singula
1227 2486 1470 2551 considerabam.

380 2603 444 2669 Nec
476 2603 539 2668 fuit
568 2602 688 2667 111-1111
719 2605 849 2668 11111111
881 2603 965 2688 quod
988 2608 1141 2690 aspiciens
1163 2607 1196 2670 id
1219 2629 1286 2675 esse
1311 2608 1470 2673 crederem

379 2725 462 2811 quod
494 2731 585 2802 11111,
617 2724 671 2790 sed
703 2727 809 2790 omnia
842 2747 970 2811 prorsus
1001 2727 1091 2792 ferali
1121 2716 1287 2794 murmure
1316 2733 1350 2793 in
1374 2727 1471 2794 aliam

380 2847 519 2932 effigiem
540 2846 700 2924 translata,
725 2854 763 2912 ut
786 2853 817 2911 et
840 2846 961 2933 lapides
980 2870 1059 2934 quos
1075 2850 1266 2916 offenderem
1287 2851 1324 2916 de
1344 2852 1471 2916 homine

281 3025 283 3029 .
380 2969 508 3032 duratos
545 2974 576 3032 et
608 2989 683 3033 aves
714 2989 791 3054 quas
822 2969 966 3034 audirem
996 2971 1138 3036 indidem
1169 2971 1329 3056 plumatas
1361 2979 1393 3038 et
1425 2993 1472 3036 11-

378 3092 467 3156 bores
506 3111 585 3174 quae
615 3093 813 3174 pomoerium
846 3092 1003 3156 ambirent
1031 3092 1179 3156 similiter
1203 3092 1326 3158 foliatae
1350 3100 1382 3159 et
1405 3094 1471 3159 fon-

378 3217 469 3276 tanos
499 3210 607 3275 latices
635 3211 673 3276 de
703 3212 885 3298 corporibus
910 3213 1058 3277 humanis
1082 3213 1184 3278 fluxos
1209 3215 1378 3280 crederem.
1402 3215 1471 3280 Iam

379 3339 500 3397 statuas
524 3337 556 3396 et
577 3335 735 3419 imagines
758 3337 943 3411 incessurae,
967 3336 1102 3419 parietes
1126 3334 1296 3420 locuturos,
1321 3338 1417 3403 boves
1438 3344 1470 3402 et

376 3455 410 3520 id
437 3477 537 3542 genus
561 3477 656 3541 pecus
680 3456 816 3520 dicturas
840 3457 1054 3541 praesagium,
1080 3457 1117 3521 de
1139 3459 1208 3543 ipso
1231 3480 1306 3523 vero
1330 3458 1416 3524 coelo
1439 3463 1470 3523 et

374 3577 494 3642 iubaris
525 3579 597 3642 orbe
627 3578 732 3642 subito
762 3583 935 3641 venturum
965 3577 1162 3642 oraculum”.
1179 3578 1202 3659 ¹)
1232 3554 1366 3646 Obuiam
1398 3585 1470 3644 tum

375 3698 454 3763 forte
483 3698 520 3762 fit
551 3698 647 3764 Lucio
678 3699 836 3784 Byrrhina
864 3719 984 3784 parens,
1009 3721 1146 3786 eumque
1168 3723 1208 3766 ne
1231 3701 1325 3766 malis
1348 3702 1469 3766 artibus

375 3825 407 3884 et
437 3821 620 3884 facinorosis
651 3818 855 3905 Pamphyles,
888 3821 978 3884 11111
1010 3821 1130 3887 11111111
1160 3825 1305 3908 coniugis
1331 3823 1468 3908 hospitio

375 3948 523 4025 exceptus
556 3946 613 4018 est,
648 3961 714 4006 sese
745 3943 814 4026 capi
845 3943 994 4025 patiatur.
1027 3944 1092 4020 „At
1123 3943 1203 4028 ego’'
1230 3981 1271 3992 -
1295 3945 1340 4008 sic
1363 3947 1468 4030 pergit

374 4063 491 4127 Lucius
527 4098 568 4110 -
603 4064 766 4138 „curiosus
798 4061 949 4148 alioquin,
980 4070 1017 4128 ut
1048 4067 1190 4149 primum
1221 4067 1298 4129 artis
1325 4068 1468 4151 magicae

374 4205 497 4268 semper
516 4190 663 4280 optatum
682 4205 796 4249 nomen
815 4185 937 4264 audivi,
956 4190 1081 4250 tantum
1102 4207 1120 4250 a
1138 4185 1261 4251 cautela
1273 4185 1467 4272 Pamphylos

409 4452 433 4516 1)
450 4452 510 4502 111.
527 4451 562 4514 11,
581 4453 603 4503 1.
