3350 5264
899 448 962 514 130

384 668 464 724 τερον
496 640 728 720 άγιστεάοντοις,
761 633 812 708 ’ἕως
846 637 884 702 av
916 639 948 701 οὐ
982 636 1033 700 διά
1064 633 1373 718 παραπετασμάτων,
1408 632 1472 697 οὐδὲ

385 766 436 830 διά
461 773 518 830 τῶν
543 763 689 829 ἑκάστοτε
712 755 920 842 συνθημάτων,
945 760 1019 822 ἀλλ’
1045 755 1286 832 αὐτοπτνθὲντες
1310 755 1402 820 αὐτὸν
1425 752 1475 818 τὸν

384 887 521 966 βασιλέα
545 883 735 978 άναδείξωσι,
759 882 810 946 καὶ
835 883 848 946 ὃ
873 882 964 957 δῆμος
988 881 1135 954 αὐτάιιοος
1161 880 1286 956 γίνονται
1310 867 1364 951 τῆς
1390 875 1475 955 παρά

384 1016 442 1074 τῶν
465 1011 534 1073 θεῶν
558 1006 754 1088 trepidasse,
778 1004 825 1068 De
848 1024 938 1088 prov.
962 1024 992 1088 p.
1018 1000 1059 1066 95
1084 1001 1142 1065 hid.
1164 1001 1275 1065 Petav.
1300 999 1389 1064 Haec
1408 997 1478 1062 fieri

384 1130 494 1208 solere,
526 1129 575 1194 tari
609 1128 640 1194 δὲ
669 1125 815 1207 Τυφῶνός
847 1149 885 1202 γε
916 1123 967 1188 καὶ
1002 1123 1148 1202 Ὀσίριδος
1174 1123 1231 1186 θεοί
1256 1146 1291 1186 τε
1314 1121 1396 1186 οὐδὲν
1420 1125 1477 1183 τῶν

386 1252 483 1334 ἱεράων
507 1247 846 1332 πραγματευσαμένων,
867 1250 920 1320 σὺν
939 1247 1056 1326 πράπιρν
1076 1244 1159 1317 εὐθὺς
1182 1245 1318 1323 ἐναργεῖς
1341 1243 1476 1321 ἑωρῶντο,

387 1373 438 1440 καὶ
464 1372 591 1437 ἔταττον
614 1371 794 1450 άφεττῶτες
818 1368 916 1445 αὐτοι,
940 1366 991 1431 καὶ
1017 1365 1191 1443 διεκόσμουν
1215 1361 1344 1436 ἕκαστος
1369 1361 1480 1442 σφετέ-

387 1520 450 1576 ρους
475 1493 653 1575 ὀργιαστάς,
679 1489 797 1557 άπαντι
820 1515 853 1554 τε
876 1490 964 1562 δῆλον
989 1485 1023 1562 ἦν
1047 1487 1099 1568 ἐφ’
1120 1481 1141 1569 ᾧ
1165 1510 1204 1564 γε
1229 1486 1408 1567 παρείησαν,
1431 1485 1476 1549 ib.

388 1619 491 1699 Quam
513 1615 735 1680 caerimoniam
754 1613 968 1676 initiationem
987 1615 1080 1675 vocat
1098 1607 1251 1695 Synesius
1270 1607 1336 1671 ἐπεὶ
1357 1602 1404 1671 οὖν
1424 1607 1477 1678 τὴν

388 1740 547 1819 βασίλειον
579 1735 706 1808 τελετὴν
736 1732 795 1798 ὑπό
818 1757 852 1797 τε
876 1737 929 1797 τοῦ
953 1733 1068 1810 πατρὸς
1093 1730 1274 1794 ἐτετελέιοτο
1298 1729 1325 1809 (ὁ
1346 1727 1479 1807 Ὄσιρις)

385 1885 416 1947 p.
437 1859 490 1938 96,
514 1880 576 1925 non
595 1855 693 1922 aliam
712 1861 796 1920 certe
816 1855 855 1920 ob
875 1874 1014 1931 causam,
1035 1873 1133 1938 quam
1152 1851 1235 1936 quod
1251 1852 1479 1937 mysteriorum

387 1988 482 2067 atque
507 1981 780 2066 Aegyptiacorum
803 1976 934 2060 quidem
959 2011 999 2024 -
1024 1975 1083 2040 hoc
1107 1976 1193 2038 enim
1216 1994 1266 2038 ros
1287 1974 1357 2057 ipsa
1380 1969 1480 2036 decla-

385 2109 435 2170 rat
460 2140 499 2152 -
525 2103 664 2187 speciem
686 2099 851 2164 referebat.
872 2095 920 2164 Ac
940 2099 1073 2162 tertium
1092 2095 1345 2182 comparationis,
1364 2099 1401 2157 ut
1421 2093 1480 2156 hac

385 2225 544 2290 locutione
577 2228 719 2297 utamur,
754 2219 840 2284 haud
874 2219 970 2284 dubie
1003 2221 1036 2282 in
1068 2239 1104 2282 eo
1135 2219 1278 2302 positum
1308 2221 1365 2293 est,
1397 2213 1481 2299 quod

385 2349 448 2432 ipsi
471 2345 516 2408 dii
535 2343 734 2409 caerimoniis
753 2341 859 2405 adesse
879 2340 1096 2404 credebantur.
1118 2337 1166 2406 cf.
1187 2359 1267 2423 quae
1286 2337 1324 2402 de
1344 2334 1482 2416 αὐτοψίρι

386 2469 420 2531 in
454 2463 560 2530 teletis
594 2463 803 2550 Aegyptiacis
833 2458 911 2544 §15
943 2482 975 2546 p.
1000 2459 1043 2524 90
1067 2482 1112 2545 sq.
1146 2459 1395 2534 observavimus,
1427 2456 1479 2520 Ps.

386 2586 539 2674 prriani
563 2606 597 2650 ao
621 2585 829 2649 Abammonis
852 2584 1036 2646 testimonio
1061 2581 1214 2646 adhibito.

431 2707 591 2792 Superest,
616 2710 654 2770 ut
676 2705 860 2782 Pausanias,
885 2724 965 2790 quae
990 2703 1028 2768 de
1051 2705 1197 2790 mysticis
1221 2702 1315 2767 Isidis
1336 2701 1481 2766 solemni-

388 2831 448 2896 bus
478 2826 648 2904 rettulerit,
681 2827 909 2890 examinemus.
941 2825 1070 2890 Etenim
1097 2825 1138 2907 Χ,
1162 2843 1266 2902 xxxn,
1293 2823 1334 2887 13
1362 2825 1478 2898 narrat¹

389 2951 599 3037 quadraginta
633 2949 699 3014 fore
733 2947 836 3012 stadia
869 2948 907 3012 ab
943 2947 1058 3033 oppido
1089 2945 1240 3011 Tithorea
1270 2967 1337 3010 osse
1372 2943 1482 3008 άδυτου

389 3072 463 3151 ἱερὸν
491 3073 619 3152 Ἴσιδος,
650 3070 823 3147 ἁγιώτατον
852 3068 950 3134 ὁπόσοι
980 3069 1130 3143 Ἕλληνες
1163 3067 1216 3146 θεῷ
1247 3077 1285 3149 τῇ
1318 3067 1481 3148 Αἰγυπτία

388 3191 587 3266 πεποίηνται·
620 3190 689 3255 οὔτε
717 3194 780 3270 γάρ
804 3199 961 3269 περιοικεῖν
985 3191 1117 3256 ἐνταῦθα
1142 3191 1167 3255 οἱ
1191 3190 1323 3268 Τιθορεῖς
1348 3186 1481 3267 νομίζον·

387 3337 434 3378 σιν
468 3311 536 3378 οὔτε
569 3310 679 3385 εἴσοδος
709 3313 752 3383 εἰς
783 3313 817 3376 τὸ
849 3311 959 3376 biuros
989 3309 1095 3383 άλλοις
1127 3335 1166 3388 γε
1198 3311 1214 3386 ἢ
1240 3312 1358 3382 ἐκείνοις
1384 3309 1478 3386 ἐστίν,

388 3432 436 3508 οὓς
469 3433 506 3500 cir
536 3435 616 3507 ariri
647 3434 863 3514 προτιμήσασα
896 3437 912 3510 ἦ
938 3428 1015 3506 Ἶσις
1049 3433 1165 3514 καλέσρ
1195 3435 1295 3515 (σφάς
1321 3429 1417 3513 dchi)
1441 3430 1478 3496 δι’

389 3555 539 3634 ε’νυτνιων,
564 3577 643 3641 quae
665 3558 732 3620 iam
754 3555 803 3639 §9
827 3579 858 3641 p.
883 3555 925 3620 36
950 3555 1164 3621 exhibuimus.
1188 3555 1237 3620 Ibi
1260 3556 1365 3621 bisin
1388 3575 1479 3632 anno,

388 3699 430 3743 so.
454 3699 527 3742 vore
547 3682 579 3741 et
598 3681 753 3742 autumno
773 3675 925 3740 solemnia
945 3676 1038 3740 Isidis
1058 3675 1217 3741 celebrari.
1242 3676 1349 3742 Tertio
1369 3683 1478 3742 autom

388 3799 438 3864 die
469 3804 540 3863 ante
570 3798 689 3862 festum
720 3796 895 3882 penetralia
924 3818 1035 3862 arcano
1065 3799 1132 3862 ritu
1161 3797 1314 3876 lustrarir
1341 3797 1476 3864 secundo

386 3922 548 3984 institores
571 3920 716 3984 tabernas
739 3941 777 3984 en
795 3919 970 3984 harundine
989 3925 1084 4004 atquo
1104 3919 1166 3984 alia
1186 3942 1224 3985 ex
1245 3923 1377 3986 matoria
1397 3920 1479 3986 aedi·

389 4041 497 4118 ficare;
529 4039 646 4106 ultimo
676 4041 727 4106 die
757 4061 850 4106 mano
873 4040 992 4105 hostias
1015 4062 1119 4106 emere
1142 4041 1266 4120 Isiacos,
1291 4063 1326 4107 ac
1350 4043 1479 4108 ditiores

389 4161 519 4248 quidem
549 4163 645 4228 boves
668 4183 849 4247 cervosque,
873 4183 996 4226 anseres
1020 4169 1052 4226 et
1074 4162 1283 4249 meleagrides
1305 4185 1380 4230 aves
1404 4183 1480 4250 pan-

388 4287 544 4369 periores;
587 4269 813 4366 pomeridianis
852 4281 987 4366 denique
1026 4283 1110 4346 horis
1145 4304 1231 4348 sacra
1266 4283 1344 4349 fiori.
1391 4283 1478 4349 Dum

323 4498 324 4503 γ
387 4405 481 4470 Isiaci
504 4405 623 4468 hostias
646 4407 680 4474 in
704 4403 838 4490 adytum
858 4409 964 4489 agant,
984 4406 1156 4481 institores,
1177 4407 1313 4472 tabernis
1332 4407 1478 4483 incensis,
