3350 5264
898 465 941 531 94

376 647 438 714 Sed
460 668 521 714 non
543 650 688 716 accurate
711 647 784 713 deos
808 669 826 712 a
850 647 1055 712 daemonibus
1085 647 1305 712 discernebant
1336 646 1466 730 scripto-

377 773 421 835 ris
463 767 607 854 aequales
651 769 920 855 Abammonisque
960 768 1099 834 defensio
1142 767 1235 854 plane
1277 765 1469 832 convellitur

379 890 569 977 quibusdem
599 911 795 977 papyrorum
823 889 902 955 locis
933 895 970 954 ut
1000 911 1026 954 e.
1051 911 1083 976 g.
1116 887 1172 955 Gr.
1204 887 1310 975 Egyp.
1334 887 1412 976 lig.
1438 907 1468 950 o.

380 1013 469 1098 Mag.
493 1011 551 1076 lld.
576 1009 730 1082 Goodwin
754 1034 784 1096 p.
811 1011 870 1076 12:
894 1012 927 1076 cd
951 1013 994 1105 als
1019 1010 1098 1075 idco
1123 1010 1193 1076 edre
1216 1011 1279 1076 θεὸν
1302 1011 1374 1076 οὔτε
1397 1009 1469 1074 θεὰν

380 1132 584 1224 χρηματίζειν
608 1129 660 1204 ἕως
686 1129 737 1198 dre
762 1132 822 1210 ἐγὼ
847 1133 860 1196 ὁ
885 1131 966 1197 δεῖνα
992 1131 1105 1210 esayae
1131 1133 1173 1197 rol
1194 1135 1228 1198 έν
1252 1141 1321 1203 ταῖς
1345 1137 1469 1212 ψυχαῖς

380 1253 526 1320 ἁπάντων
560 1255 716 1334 ἀνθρώπων
751 1267 821 1318 κτλ.
857 1252 976 1340 Operae
1010 1255 1151 1338 pretium
1185 1265 1244 1330 est,
1271 1233 1354 1317 cum
1383 1253 1470 1317 hisee

381 1376 592 1442 Abammonis‘
618 1374 695 1440 loeis
725 1373 884 1452 tabellam¹
907 1375 1045 1440 conferre
1068 1375 1253 1452 devotionis,
1278 1373 1472 1438 Hadrumeti

381 1503 551 1583 repertam,
582 1518 724 1564 sermone
755 1497 866 1574 latino,
898 1496 951 1561 sed
975 1496 1091 1562 litteris
1114 1498 1237 1582 graecis
1260 1497 1470 1580 conscriptam

383 1618 420 1684 de
455 1639 517 1704 qua
546 1619 646 1694 docte,
678 1623 715 1683 ut
746 1617 872 1695 assolet,
902 1617 1080 1703 disputavit
1110 1616 1275 1697 Mnsriao,
1311 1599 1407 1680 iltud.
1439 1613 1469 1678 d.

382 1740 492 1826 myth..
520 1761 546 1804 e.
580 1739 696 1806 d'areh.
728 1739 839 1826 egypt.
871 1746 948 1804 tom.
979 1738 1021 1816 11,
1053 1761 1083 1824 p.
1116 1735 1305 1804 aee-303.
1343 1736 1381 1800 In
1410 1735 1471 1800 fine

382 1881 496 1946 nempe
530 1863 750 1938 invocationis,
785 1881 911 1947 magus,
947 1866 1115 1945 postquam
1150 1860 1233 1937 deos,
1266 1863 1307 1924 ut
1341 1860 1410 1924 voti
1440 1877 1473 1922 se

384 1985 564 2067 compotem
587 1981 713 2058 faciant,
737 1981 907 2058 adiuravit,
931 1980 1007 2046 haec
1031 1979 1204 2046 exclamat:
1229 2003 1258 2045 σι
1282 2003 1384 2055 errove
1404 1977 1473 2043 δεσ-

384 2102 474 2183 χενδο
498 2125 524 2166 ιν
544 2100 716 2172 c-dvrcvs
738 2111 840 2182 Οαιρις
862 2125 895 2165 ετ
916 2091 1101 2179 laureacense
1122 2102 1327 2166 δεν-θαπεεν
1346 2126 1380 2166 er
1401 2123 1474 2178 μιτ-

385 2247 453 2301 ταμ
472 2225 519 2288 ovd
534 2246 555 2286 α
567 2221 677 2302 Φουλῑ)
690 2259 733 2271 -
747 2245 769 2286 α
780 2227 931 2302 deceatne
943 2229 1201 2304 Φερατουρ-εγω
1214 2247 1282 2301 evea
1294 2245 1372 2299 σανα
1384 2245 1473 2300 μαγ-

386 2369 448 2418 ναυς
470 2343 617 2423 δεχανους
630 2343 672 2407 dar
684 2366 783 2419 ααγνι
794 2341 1290 2412 δει-ΑΧΒΑΜΜ-ΛΧ-ΛΛΑΛΑ.
1314 2343 1474 2409 Hierocle

386 2467 532 2532 observat
550 2465 716 2542 Mnsrieo,
735 2467 783 2528 teo
803 2465 923 2544 θααεεν,
943 2487 1015 2530 cum
1035 2465 1134 2532 latine
1153 2487 1280 2532 sensum
1303 2487 1366 2530 non
1388 2484 1475 2549 prae-

386 2589 468 2664 beat,
488 2608 544 2672 pro
563 2588 685 2672 graecis
705 2585 878 2665 vocabulis,
896 2607 939 2652 sc.
960 2588 1014 2662 rte
1031 2589 1139 2667 ταφήν
1157 2609 1225 2654 esse
1244 2586 1472 2672 accipiendum,

387 2707 502 2774 collato
532 2707 600 2772 loco
633 2728 672 2772 ex
695 2707 802 2772 Leem.
826 2707 904 2792 Pap.
926 2706 979 2792 dg.
998 2707 1086 2772 dem.
1110 2730 1141 2794 p.
1169 2705 1187 2774 7
1212 2729 1295 2794 sqq.:
1320 2707 1471 2789 Βασταζω

388 2831 443 2904 τὴν
472 2830 578 2910 ταφὴν
608 2833 660 2892 τοῦ
692 2828 844 2913 'Oetaea
878 2828 929 2892 καὶ
956 2829 1289 2907 ὑπαγωικαταατῆααι
1313 2830 1408 2902 αὐτὴν
1432 2829 1476 2900 εἷς

384 2950 533 3029 Ἄβυδος,
552 2957 749 3024 καταστῆσαι
771 2951 812 3022 εἷς
833 2949 991 3031 saevae)
1012 2950 1062 3015 καὶ
1085 2950 1272 3015 καταθέσθαι
1292 2952 1334 3023 εἰς
1347 2951 1474 3031 ἀλκὰς·

390 3071 443 3138 ἐάν
473 3096 524 3150 μοι
557 3073 570 3138 ὅ
595 3071 812 3143 defraudares
836 3071 996 3152 παράσχῃ,
1020 3073 1194 3154 προστρέψω
1218 3075 1313 3147 αὐτὴν
1336 3075 1429 3154 αὐτῷ,
1449 3074 1476 3137 .i.

390 3215 417 3260 e.
449 3193 528 3260 Foro
559 3214 665 3264 arcam
696 3191 829 3259 Osiridis
862 3199 894 3258 et
924 3193 1016 3270 vade,
1039 3199 1077 3258 ut
1100 3215 1169 3258 eam
1192 3194 1300 3280 Abydi
1321 3197 1355 3258 in
1379 3194 1477 3280 adyto

390 3321 485 3400 etque
519 3317 554 3382 in
585 3315 678 3380 domo
700 3319 835 3380 aeterna
866 3313 1039 3400 deponam
1074 3315 1157 3400 quod
1190 3317 1217 3380 si
1246 3318 1318 3400 quis
1340 3316 1479 3402 negotia

390 3437 472 3500 mihi
506 3436 662 3512 exhibeat,
699 3455 804 3500 arcam
839 3439 946 3504 contra
982 3456 1056 3500 eum
1090 3441 1224 3502 vertam.
1273 3436 1319 3502 De
1355 3437 1480 3502 decanis

390 3559 467 3622 haec
498 3557 586 3622 addit
616 3557 773 3621 Meseiao
805 3578 835 3641 p.
850 3555 944 3621 302:
971 3554 1029 3633 „le
1052 3559 1133 3622 crois
1155 3578 1178 3642 y
1199 3558 1394 3622 reconnaitre
1415 3576 1480 3620 une

391 3679 528 3745 allusion
556 3699 596 3742 au
627 3676 693 3742 rdle
724 3698 784 3762 que
813 3676 860 3742 les
890 3677 1003 3746 ddcans
1030 3681 1173 3764 joueient
1192 3685 1311 3743 auteur
1334 3677 1377 3743 du
1400 3685 1481 3744 tom·

391 3801 473 3866 beau
505 3797 656 3880 d'Osiris3
688 3819 728 3862 on
757 3797 803 3862 les
834 3800 902 3862 voit
931 3799 950 3864 d
980 3797 1145 3865 Dendtrah
1176 3804 1208 3864 et
1238 3798 1399 3878 aphilea,
1424 3801 1481 3884 qui

393 3924 538 3987 montent
554 3918 586 3983 la
602 3918 701 4005 garde
724 3925 839 3984 auteur
863 3919 907 3984 du
930 3921 1120 4006 sarcophage
1144 3919 1233 3985 divin
1256 3940 1294 3984 en
1315 3918 1401 3984 leurs
1423 3919 1482 3984 for-

393 4016 460 4108 mes
494 4041 770 4119 demirhumaines,
805 4040 1061 4115 demi-bestiales.
1093 4041 1182 4105 Leur
1212 4039 1294 4120 chef,
1326 4040 1356 4104 le
1382 4043 1485 4122 praed

430 4314 454 4374 1)
471 4329 503 4372 „a
519 4318 592 4375 φαυλ,
609 4327 623 4360 a
641 4312 761 4375 fulmine)
778 4329 793 4362 a
810 4311 848 4362 dte
864 4311 921 4377 ray&
938 4313 997 4361 dane
1013 4311 1160 4376 l'original'',
1179 4311 1291 4378 Maspdro
1308 4330 1331 4378 p.
1351 4313 1408 4368 297.

431 4395 454 4456 2)
471 4395 572 4452 ταατας
589 4400 613 4444 et
630 4392 717 4457 ἀλχδις
734 4395 806 4445 verba
823 4395 879 4444 sunt
895 4395 1043 4460 Aegyptiace
1060 4394 1149 4444 litteris
1166 4404 1257 4460 graecia
1274 4397 1417 4461 conscripta.
