3350 5264
713 463 755 528 83

192 649 247 723 τῖρν
277 644 389 727 σοφίαν
421 643 472 708 καῖ
503 645 567 719 τῖρν-
588 642 730 708 παιδείαν
761 647 868 709 τασαν
898 645 981 716 εῖδὼς
1004 644 1058 718 τῖρν
1082 644 1277 721 Αίνυπτίυν·

192 769 318 847 ἐλέγετο
352 767 383 832 δέ
415 758 485 850 ’τρία
521 766 572 832 καῖ
610 766 718 831 εῖκοσιν
750 764 801 842 ἔτιρ
836 767 866 831 ἕν
897 774 960 839 τοῖς
990 765 1111 838 ἀδύτοις
1140 763 1279 845 ύπύγειος
1319 748 1321 751 ’

192 891 336 972 ᾠκηκέναι
371 887 521 968 μαγεύειν
555 887 769 967 παιδευόμενος
803 889 859 954 ὑπὸ
892 897 946 964 τοῖς
973 887 1085 961 Ἴσιδος
1119 925 1158 938 -
1191 887 1282 968 ἓύριον

192 1013 285 1078 αὐτὸν
317 1049 360 1062 -
378 995 478 1076 οῖλλα
501 1035 536 1074 τε
559 1011 664 1076 πολλα
688 1009 834 1091 τεροίστια
860 1008 1070 1092 ἐργαζόμενον,
1095 1009 1146 1074 καί
1172 1008 1207 1085 δύο
1230 1007 1281 1074 καὶ

192 1134 241 1198 ε’πί
274 1133 462 1212 κροκοδείλων
493 1133 656 1214 ὀχούμενον
688 1131 738 1197 καῖ
770 1131 928 1197 συννέοντα
957 1139 1020 1204 τοῖς
1046 1131 1160 1210 θηρίοις,
1185 1131 1226 1195 τα
1251 1130 1282 1195 δέ

193 1257 430 1348 ὑποπτήσσοντα
465 1253 515 1318 καὶ
552 1254 696 1318 σαίνοντα
730 1263 800 1327 ταῖς
836 1256 945 1335 ούραῖο.
982 1253 1068 1335 Quae
1102 1253 1280 1318 Lucienum
1393 1325 1395 1330 ¹

193 1399 254 1443 non
289 1398 328 1442 ex
361 1376 462 1442 nihilo
496 1375 624 1441 finxisse
657 1376 748 1442 docel
779 1377 847 1442 Lib.
880 1398 982 1462 apocr.
1016 1375 1109 1442 Mais.
1136 1397 1171 1461 p.
1205 1359 1279 1452 190,

197 1497 338 1575 11-18,
369 1500 425 1564 ubi
453 1500 608 1584 invenias,
640 1518 719 1583 quae
749 1499 846 1564 verba
876 1497 1107 1584 pronuntianda
1121 1499 1204 1585 sint,
1228 1495 1281 1560 έδν

196 1619 289 1700 θέλρο
304 1615 404 1685 έποῖνυ
428 1618 613 1699 ιιοριιοδείλου
637 1618 816 1697 διαβαίνειν.

239 1742 360 1808 Deinde
391 1747 422 1807 et
452 1741 621 1819 Homilies,
655 1739 828 1807 Clementis
859 1739 994 1806 Romani
1023 1761 1102 1826 quae
1125 1740 1282 1818 feruntur,

194 1865 411 1949 inspiciamus.
446 1863 496 1928 lbi
526 1865 560 1927 in
591 1861 687 1928 Hom.
721 1863 747 1941 Ι,
772 1861 803 1941 5,
827 1860 983 1941 Clemens,
1008 1863 1046 1927 de
1069 1865 1192 1928 animae
1214 1866 1287 1949 post

194 1992 332 2050 mortem
364 1989 448 2050 sorte
478 1983 646 2064 sollicitus,
678 2005 785 2050 seeum
815 1985 892 2050 haee
922 1988 1067 2070 reputat:
1091 1985 1134 2050 Τί
1155 1981 1203 2050 οὖν
1225 1989 1285 2066 χρὴ

195 2113 277 2172 ποεῖν
301 2106 318 2182 ἢ
342 2109 449 2184 τοῦτο;
470 2107 517 2178 ἐῖτ
541 2104 701 2184 Αίνυπτον
722 2110 918 2186 πορεύσομαι,
939 2105 990 2171 καί
1011 2113 1073 2179 τοῖς
1094 2112 1152 2171 τῶν
1170 2105 1287 2172 οῖδύτυν

196 2227 391 2310 ἱεροφάνταις
413 2252 447 2292 τε
467 2227 518 2292 ιιαδ
536 2229 708 2310 προφήταις
722 2229 955 2310 φιλιοιθύσομαι,
969 2227 1025 2293 καί
1034 2227 1137 2307 μαγον
1150 2227 1283 2309 ζιρτιίσατ

198 2349 249 2415 καὶ
282 2349 369 2430 εὑρὼν
399 2350 539 2429 χρίμασι
571 2357 697 2422 πολλοῖς
722 2348 828 2428 πείσυ,
851 2345 1060 2430 ῖποιοφυχιῖς
1085 2351 1283 2430 αναπομπύν,

200 2471 253 2545 τῖρν
286 2469 454 2550 λεγομένην
488 2471 719 2552 νειιρομαντείαν
751 2471 878 2552 ποιύσρ,
915 2470 988 2548 ἐμοῦ
1018 2473 1056 2543 cie
1088 2471 1154 2550 περὶ
1186 2469 1285 2553 πρύν-

201 2592 300 2672 μαπθς
324 2617 401 2665 τινος
425 2591 661 2672 πυνθανομένου·
689 2594 706 2668 ἡ
730 2591 761 2656 δέ
785 2597 891 2664 πεῦσιο
912 2589 997 2657 ἔσται
1019 2592 1085 2672 περὶ
1106 2597 1158 2659 τοῖι
1178 2598 1286 2672 μαθεῖν

202 2717 227 2782 εί
251 2717 401 2788 οῖθύνατος
425 2719 442 2792 ἡ
465 2718 567 2796 ψυχή.
588 2719 605 2791 ἧ
627 2715 658 2780 δὲ
678 2721 732 2790 τοῖς
753 2721 860 2796 ψυχῆς
880 2713 1049 2794 απύκρισις,
1070 2710 1115 2780 ύτι
1134 2716 1286 2791 αθανατθς

204 2839 294 2918 ἐστιν,
326 2839 378 2904 οὐκ
409 2839 443 2902 έιι
472 2842 524 2903 τοῦ
547 2841 684 2914 λαλῆσαι
709 2837 725 2913 ἦ
750 2835 802 2902 καὶ
827 2837 957 2902 ακούσαι
982 2836 1068 2903 έστοιι
1092 2861 1144 2916 μοι
1168 2846 1289 2919 γνῶναι,

203 2961 277 3025 αλλ’
301 2959 334 3023 εἰι
357 2963 409 3024 τοῦ
432 2959 560 3038 ύφύιῖναι
584 2956 684 3037 μένον,
709 2952 758 3023 ῖνοι
783 2958 885 3027 αύτοῖο
909 2957 1082 3038 ὀφθαλμοῖς
1107 2943 1172 3024 ῖδὼν
1195 2961 1290 3035 αύτῖρν

204 3081 342 3160 αύτιθρκιρ
374 3079 426 3144 καὶ
458 3081 562 3152 ῖιιανῖρν
592 3077 754 3161 απύφασιν
787 3075 860 3159 έχιο,
894 3078 927 3143 εἰι
954 3083 1007 3144 τοῦ
1031 3078 1120 3158 μόνον
1143 3068 1289 3163 φανῆναι,

204 3195 248 3266 ύτι
281 3197 380 3266 ἔστιν·
412 3200 464 3265 καὶ
497 3201 550 3265 ούκ
573 3197 617 3264 ἔτι
642 3199 801 3275 δυνήσεται
826 3199 867 3264 τα
890 3206 948 3265 τῶν
971 3202 1138 3281 ὀφθαλμῶν
1161 3201 1225 3270 ῖδια
1247 3205 1289 3269 τα

204 3329 258 3399 τοῖς
283 3323 375 3398 οῖιιοῆι
401 3319 574 3401 ιἰνατρέψαι
598 3319 700 3396 οῖδιρλα
725 3321 862 3402 ῥύματα.
893 3343 894 3346 ’

250 3443 333 3508 Tum
358 3448 390 3508 et
412 3442 587 3528 Apuleium
612 3442 650 3508 de
672 3442 871 3530 Aegyptiace
894 3445 945 3507 sui
968 3442 1119 3530 temporis
1139 3444 1293 3534 religione

206 3570 323 3631 testem
352 3563 652 3650 locupletissimum,
684 3565 741 3628 ubi
770 3567 804 3628 in
834 3565 970 3630 secundo
994 3566 1296 3655 Metamorphoseon

209 3687 290 3753 libro
324 3687 490 3751 historiam
521 3687 630 3749 mariti
660 3684 753 3749 malis
782 3706 881 3751 novae
904 3692 1201 3774 nuptae'perempti
1224 3693 1298 3756 arti·

210 3809 269 3874 bus
291 3813 407 3886 narrat,
433 3793 628 3903 evolvamus.
665 3805 759 3871 Pater
781 3809 880 3884 οοὶοοο,Ι
897 3789 1017 3873 ¹misera
1040 3809 1099 3874 filii
1122 3801 1224 3876 morte
1248 3812 1298 3878 de·
1400 3863 1402 3868 ,

210 3929 342 4016 plorata,
377 3914 462 3995 rives
491 3929 530 3994 ad
560 3927 716 3994 ultionem
745 3929 874 4007 incitat3
906 3933 1014 3994 contra
1043 3931 1170 4010 mulier,
1202 3955 1298 4019 quam

213 4051 409 4116 sanatissime
442 4055 562 4136 potest,
598 4054 725 4115 lanium
759 4047 860 4114 scelus
895 4049 1016 4115 abnuit.
1059 4051 1166 4140 „Ergo
1195 4055 1299 4140 igilur

214 4192 324 4237 senex·
338 4169 416 4236 ille’'
450 4207 489 4220 -
520 4176 559 4235 ul
587 4173 657 4256 ipsa
688 4168 806 4256 Apulei
837 4169 1002 4236 afferamus
1025 4174 1130 4253 verba,
1155 4175 1234 4240 Met.
1257 4176 1298 4256 Π,

215 4291 258 4358 28
289 4313 333 4378 sq.
367 4329 407 4340 -
441 4294 606 4370 „veritatis
637 4283 806 4358 arbitrium
837 4293 871 4356 in
902 4292 1043 4372 divinam
1056 4273 1299 4381 'providentiam

214 4434 414 4499 reponamus.
449 4412 595 4479 Zatehlas
618 4413 704 4480 adest
728 4414 919 4501 Aegyptius,
943 4417 1097 4502 propheta
1119 4421 1299 4505 primarius,
