3350 5264
724 505 787 574 125
825 533 827 540 ·

204 691 271 757 Sec.
292 691 349 776 Ep.
363 690 430 768 VII,
451 687 511 756 27:
535 689 661 776 „Igitur
680 711 833 776 perquam
853 690 951 755 velim
976 693 1064 768 scire,
1090 713 1157 757 esse
1177 691 1299 778 aliquid

204 813 426 898 phantasmata
455 791 491 878 'et
522 813 635 877 habere
668 815 828 898 propriam
861 811 999 898 figuram
1029 835 1210 899 numenque
1243 815 1299 880 ali-

204 933 288 1019 quod
318 941 412 1020 putes
444 955 483 999 an
513 937 642 999 inanem
674 940 705 999 et
729 937 849 999 variam
875 956 912 998 ex
937 941 1027 1000 metu
1051 943 1161 1001 nostro
1184 938 1298 1022 imagi-

203 1077 277 1120 nem
296 1057 467 1140 accipere.’'
489 1055 574 1120 Tert.
595 1054 687 1140 Apol.
709 1053 769 1119 23:
792 1057 901 1141 „magi
921 1056 1143 1140 phantasmata
1156 1057 1253 1121 edunt
1266 1063 1298 1123 ot

202 1179 267 1242 iam
297 1177 521 1242 ¹defunctorum
555 1175 729 1241 inclamant
756 1177 910 1242 animas.''
943 1177 1014 1241 Non
1037 1179 1157 1242 mirum
1182 1180 1296 1264 igitur.

203 1319 277 1362 cum
308 1297 417 1362 eadem
454 1298 519 1362 lere
553 1299 617 1361 sint
647 1296 878 1384 significatione
910 1297 1029 1377 φάσμα
1052 1303 1084 1363 et
1105 1300 1296 1378 φάντασμα,

202 1418 362 1484 interdum
389 1439 425 1482 ea
447 1421 531 1483 inter
554 1439 586 1482 se
610 1411 796 1504 permutari,
829 1419 868 1483 of.
893 1418 976 1484 Plat.
1009 1418 1127 1483 Phaed.
1159 1441 1190 1504 p.
1216 1419 1295 1484 81d:

203 1543 313 1621 ψυχῶν
331 1541 459 1615 caroccii
480 1540 701 1620 φαντάσματα
717 1538 742 1621 ¹)
765 1561 792 1605 a.
810 1539 835 1618 l.
861 1541 1035 1618 φάσματα,
1059 1541 1112 1605 Ps.
1136 1540 1223 1605 Plut.
1248 1541 1295 1606 Do

202 1663 281 1750 plac.
314 1661 392 1749 phil.
424 1662 481 1744 III,
515 1661 575 1726 18:
607 1663 759 1734 δσκσῦντσς
785 1667 836 1726 τσῦ
861 1662 1031 1742 φάσματος
1058 1669 1111 1741 (sc.
1137 1669 1190 1734 τάσ
1215 1658 1295 1744 iau)

202 1785 348 1870 γίνεσθαι,
374 1807 401 1850 a.
427 1784 448 1851 l.
472 1785 713 1864 φαντάσματος,
739 1785 778 1849 cf.
802 1783 911 1850 Draus.
935 1784 1015 1849 Dox.
1041 1781 1098 1850 Gr.
1122 1807 1153 1870 p.
1176 1783 1294 1858 384.1.

202 1906 253 1970 12.
290 1906 453 1980 SicPlut.
478 1876 602 1992 quoque
625 1908 686 1992 frg.
708 1906 751 1972 de
775 1928 824 1970 an.
850 1906 870 1970 2
896 1911 927 1971 et
950 1904 1189 1986 φαντασμάτων
1212 1907 1291 1994 legi-

200 2034 254 2092 tur
285 2035 316 2094 et
346 2027 537 2110 φασμάτων,
570 2029 624 2094 sed
655 2030 768 2113 recipit
791 2029 852 2092 hoc
874 2011 1116 2106 Burunitanus,
1141 2031 1292 2114 quoniam

199 2149 277 2214 alios
312 2150 404 2236 apud.
429 2153 596 2236 scriptores
631 2149 793 2231 φάσματα
827 2149 1027 2214 Eleusiniaca
1061 2157 1290 2215 memorantur.

203 2272 282 2336 Utnt
313 2273 389 2336 haec
421 2293 487 2336 sese
519 2272 646 2348 habent,
678 2273 719 2336 iis
748 2271 836 2348 locis,
861 2271 926 2348 ubi,
952 2291 1032 2354 quae
1055 2273 1105 2336 vis
1130 2273 1200 2336 voci
1223 2273 1293 2338 sub-

199 2395 281 2458 iecta
316 2395 367 2470 sit,
402 2394 602 2488 ambigitur.
621 2391 884 2479 significationem
916 2395 1061 2456 omnium
1091 2395 1295 2458 inusitatissi-

200 2536 286 2578 mam
306 2514 720 2599 usitatissimaepraeferrc,
741 2513 967 2598 Eleusiniaque
986 2500 1147 2592 φάσματα
1170 2519 1292 2594 statuas

198 2636 295 2701 fuisse
328 2635 465 2700 deorum
487 2639 532 2700 sic
555 2641 674 2700 temere
698 2635 854 2700 affirmare
877 2657 938 2699 non
962 2638 1079 2714 ausim.
1103 2634 1160 2720 ¹Ne
1184 2641 1292 2700 tamen

197 2780 266 2824 rem
289 2761 322 2822 in
345 2757 705 2842 incertorelinquamus
728 2757 847 2836 φάσμα
870 2757 1022 2842 quidnam
1044 2759 1077 2820 in
1101 2779 1135 2821 re
1155 2761 1292 2846 mystica

196 2881 255 2944 sibi
285 2878 435 2956 voluerit,
460 2877 630 2963 diligenter
654 2881 882 2943 examinemus.
916 2878 961 2941 Ac
983 2877 1052 2942 loco
1078 2877 1209 2962 quidem
1230 2877 1299 2942 illo

196 3003 363 3065 notissimo
387 3020 435 3084 ap.
461 2981 553 3064 Dion.
579 2971 743 3086 Ohrysost.
771 2997 857 3063 Orat.
879 2997 931 3076 IV,
953 3021 982 3084 p.
1007 2997 1071 3063 168
1091 2998 1149 3062 ud.
1170 2998 1290 3063 uersu:

198 3122 333 3186 εἰώθασιν
368 3118 433 3186 ἔνισι
471 3129 528 3186 τῶν
566 3121 632 3202 περὶ
670 3121 727 3193 τάς
765 3122 897 3192 τελετάς
931 3123 983 3185 καὶ
1017 3122 1058 3184 τά
1091 3119 1290 3200 καθάρματα,

197 3250 284 3320 μῆνιν
313 3243 451 3318 ιΕιιάτκς
484 3243 684 3318 ἱλασκόμενοί
714 3267 749 3306 τε
781 3245 832 3306 καὶ
860 3242 986 3320 ἐξάντκς
1012 3241 1185 3322 φάσκοντες
1211 3241 1293 3315 τοιά-

199 3387 271 3442 σειν,
303 3361 421 3443 ἔπειτα,
453 3360 548 3443 οἶμαι,
580 3365 745 3443 φάσματα
777 3362 881 3428 πολλά
912 3363 963 3428 καὶ
997 3363 1123 3428 ποικίλα
1155 3363 1210 3442 πρὸ
1234 3369 1291 3426 τῶν

181 3489 360 3581 1καθαρμῶν
381 3483 575 3565 ἐξηγούμενοι
597 3487 647 3550 καὶ
670 3485 900 3565 ἐπιδεικνύντες,
920 3480 968 3550 olai
989 3491 1085 3565 φασιν
1107 3485 1293 3574 ἐπιπέμπειν

198 3607 387 3688 χσλσνμένκν
413 3609 467 3682 τὴν
490 3608 562 3685 θεάν,
587 3629 649 3673 vox
674 3607 878 3687 ,,φάσματα”
901 3613 1022 3694 spectra
1044 3628 1111 3672 esse
1130 3606 1290 3684 vertenda,

199 3753 292 3810 nemo
326 3753 386 3796 non
413 3706 526 3809 'videt3
564 3737 686 3815 spectra
716 3733 802 3796 enim
832 3732 1008 3795 immittere
1040 3730 1159 3794 Hecate
1190 3729 1290 3814 vulgo

199 3853 400 3934 credebatnr3
425 3852 463 3916 cf.
490 3851 568 3936 quae
593 3853 610 3934 ξ
636 3851 677 3915 14
701 3873 732 3936 p.
758 3850 800 3915 68
825 3851 862 3916 de
886 3851 1053 3916 Hecataeis
1073 3853 1169 3915 sacris
1190 3851 1292 3915 obser-

199 3975 358 4039 vavimus.
401 3971 465 4037 Neo
501 3970 680 4036 simulacris
715 3976 753 4034 ex
787 3969 876 4056 ligno
912 3971 1071 4047 confectis,
1108 3971 1162 4036 sed
1196 3971 1292 4058 longe

199 4095 270 4171 aliis
289 4097 470 4181 praestigiis
490 4095 634 4158 homines
654 4091 875 4178 simpliciores,
897 4095 952 4177 qui
973 4093 1064 4158 hasce
1077 4100 1293 4179 susceptarent

198 4217 322 4294 teletas,
353 4237 466 4302 magos
497 4205 665 4302 decepisse,
699 4215 772 4279 data
804 4235 898 4300 opera
921 4217 1069 4300 exposuit
1093 4215 1293 4302 Hippolytus

235 4474 258 4536 1)
276 4474 345 4524 Hanc
363 4473 491 4523 lectionem
509 4473 585 4537 magis
602 4473 689 4538 prohat
706 4475 758 4522 Ast.
775 4473 839 4522 Plat.
858 4472 904 4536 Op.
920 4478 978 4522 tom.
996 4471 1038 4532 XI,
1057 4488 1080 4536 p.
1099 4473 1147 4521 636
1165 4487 1199 4536 sq:
