3354 5262
737 479 779 545 59

546 666 594 727 ter
609 660 632 742 ¹)
656 664 793 748 sumptis
816 661 949 728 flumine
972 663 1092 728 crinem

319 843 321 851 ,
344 783 494 850 irroravit
518 785 625 868 aquis,

210 933 304 1000 Ovid.
329 934 409 1001 Met.
433 933 503 1018 VII,
530 933 593 1000 189
618 955 664 1019 sq.
698 933 751 1000 Sic
773 937 807 999 in
829 934 907 1000 Luc.
931 934 1141 1022 Necyomant,
1165 931 1195 1002 7.
1231 935 1299 1000 Me·

207 1058 351 1141 nippus,
366 1059 553 1142 priusquam
582 1056 722 1123 infernas
753 1056 867 1123 adierit
894 1057 992 1135 sedes,
1016 1079 1034 1122 a
1056 1079 1152 1144 mago
1175 1079 1208 1122 se
1231 1077 1298 1122 esse

209 1177 356 1243 ablutum
386 1183 509 1244 narret:
543 1177 743 1259 Παραλαβὼν
771 1178 803 1243 δέ
828 1203 869 1257 με
893 1179 907 1244 ὁ
930 1180 1003 1258 άνίρρ
1025 1183 1080 1259 (so.
1106 1179 1299 1244 Mithrobar-

209 1319 300 1364 zanes
330 1305 458 1386 magus)
488 1305 592 1380 πρῶτα
622 1299 679 1376 μὲν
709 1298 823 1379 ἡμέρας
848 1299 932 1364 ἐννέα
957 1299 1008 1364 καὶ
1035 1297 1143 1364 εἴκοσιν
1164 1295 1235 1376 άωα
1258 1299 1296 1378 νῆ

210 1420 322 1501 σελήνῃ
353 1420 520 1500 ἀρξάμενος
552 1419 636 1486 ἔλουε
668 1421 816 1499 κατάγων
848 1417 932 1486 iodea
963 1421 1013 1512 ἐπὶ
1044 1421 1094 1485 τὸν
1118 1421 1296 1502 Εὐφράτην.

211 1539 264 1607 Sic
300 1541 466 1628 theurgica
498 1545 553 1628 qui
583 1544 774 1629 peragebant
805 1564 901 1622 sacra,
933 1565 952 1608 a
980 1543 1224 1608 lustrationibus
1253 1563 1300 1607 ca

209 1664 340 1748 piabant
374 1663 549 1742 exordium,
585 1665 623 1728 cf.
660 1685 687 1730 e.
722 1686 753 1751 g.
786 1664 888 1730 Procl.
922 1663 958 1729 In
991 1661 1075 1730 Orat.
1106 1685 1137 1749 p.
1171 1663 1252 1728 106:
1284 1663 1298 1727 d

212 1784 348 1863 άεονρνὸς
381 1785 394 1849 d
425 1792 480 1859 τῆς
507 1791 636 1860 τελετῆς
660 1785 767 1850 τούτου
792 1790 830 1866 (s.
854 1785 1013 1871 Apollinis
1026 1784 1066 1866 '))
1089 1783 1299 1864 νερνκαθηννά-

211 1929 300 1984 μενος
324 1905 386 1970 άπὸ
411 1911 469 1970 τῶν
493 1905 665 1985 καθάρσεων
690 1903 824 1988 άρχεταν
849 1907 901 1972 καὶ
924 1909 984 1974 ,τῶν
1008 1906 1222 1987 περνρράνσεων

348 2057 447 2131 Αὐτὸς
474 2059 500 2122 δ’
524 2059 553 2123 ἓν
577 2059 702 2140 πράτοις
724 2059 818 2139 ἱερεὺς
843 2059 932 2140 νευράς
957 2058 1034 2139 ἔργα
1060 2058 1208 2139 κυβερνῶν

346 2180 461 2258 κύματι
485 2179 624 2262 insulula
649 2183 775 2262 παγερῷ
800 2177 973 2262 βαρυαχέας
998 2175 1114 2257 citans.

256 2334 375 2400 Venere
387 2340 412 2416 ³)
435 2339 543 2400 autem
566 2335 707 2420 cibisque
730 2334 921 2420 quibusdam
945 2355 980 2399 ac
1002 2335 1185 2420 potionibus
1207 2335 1301 2399 absti-

210 2450 345 2540 nebant,
370 2476 482 2541 resque
516 2455 657 2522 sordidas
690 2477 729 2520 ne
763 2459 993 2542 contingerent,
1029 2475 1126 2540 quam
1160 2457 1311 2542 manime

210 2580 366 2645 vitabant.
401 2577 454 2643 Sic
486 2578 597 2643 eadem
626 2577 683 2642 illa
714 2577 827 2642 Medea
858 2579 976 2663 rcfcpc't
1005 2577 1110 2642 viriles
1140 2585 1299 2656 contectus,

212 2700 304 2766 ovid.
336 2698 415 2763 Met.
447 2697 515 2776 VII,
540 2697 606 2764 239
630 2719 675 2783 sq.
712 2698 763 2764 Sic
786 2698 992 2784 Apollonium
1016 2697 1211 2786 Tyanaeum,
1236 2721 1301 2765 om·

211 2825 302 2888 nium
332 2841 503 2907 magorum
527 2825 559 2886 et
582 2820 675 2910 decus
699 2825 731 2886 et
754 2820 864 2886 lumen
877 2821 913 2904 4),
937 2843 1091 2893 venereas
1108 2821 1299 2908 voluptates,

211 2963 347 3020 carnem,
371 2943 495 3024 riuum,
520 2962 646 3006 omnem
668 2963 725 3026 per
747 2945 850 3007 uitam
874 2942 1093 3006 abominatum
1117 2965 1183 3008 esse
1204 2944 1301 3008 refert

211 3064 437 3142 Philostratus,
462 3062 526 3129 Vit.
551 3062 657 3149 Apoll.
682 3061 707 3141 I,
732 3062 763 3142 8,
789 3062 848 3142 13;
872 3067 917 3129 sic
940 3063 993 3130 vel
1015 3065 1132 3142 νόννας
1156 3065 1301 3152 perditis·
1340 3135 1341 3138 ,

245 3309 270 3370 1)
287 3306 399 3356 Numerio
415 3305 567 3370 quibusdam,
584 3311 619 3364 ut,
637 3305 660 3365 3,
679 3304 701 3363 7,
718 3305 757 3354 vel
774 3305 925 3370 simplicibus
942 3306 981 3355 vel
997 3307 1168 3372 multiplicatis
1183 3324 1299 3373 perquam

210 3390 313 3455 gaudere
329 3403 420 3452 magos,
437 3388 476 3438 vix
494 3393 531 3436 est
548 3388 612 3452 quod
629 3402 748 3438 moneam.

244 3471 269 3532 2)
291 3469 415 3536 Specimen
437 3469 556 3518 eiusmodi
578 3469 779 3528 Ἀπαλλωννακῆς
801 3467 954 3528 ἐπικλήσεως
976 3473 1075 3537 praebet
1098 3489 1159 3522 unua
1177 3491 1190 3522 e
1207 3469 1301 3523 duobus

210 3553 261 3601 illia
274 3551 380 3617 papyris,
396 3567 455 3616 quos
468 3551 494 3600 in
508 3552 571 3601 Abh.
587 3552 629 3600 der
642 3552 703 3601 Kos.
721 3552 800 3602 Ahad.
819 3553 842 3604 d.
859 3555 929 3604 Wiss.
947 3571 977 3603 zu
993 3555 1084 3614 Berlin,
1102 3573 1124 3606 a.
1143 3557 1207 3605 leco
1225 3557 1301 3606 edidit

211 3636 343 3695 Parrum,
365 3635 425 3700 Pop.
448 3634 469 3693 I,
494 3634 633 3687 aes-347.
656 3635 693 3685 cf.
716 3651 777 3700 quse
799 3637 844 3686 hac
867 3637 896 3687 de
913 3638 1066 3688 invocatione
1083 3639 1192 3704 disputat
1207 3638 1302 3690 Aurini-

212 3731 291 3776 κωκυ,
308 3717 362 3768 Eas.
377 3731 399 3769 e.
417 3718 434 3766 l.
453 3717 536 3769 (inest.
555 3715 598 3781 dg,
617 3733 641 3782 p.
660 3718 799 3768 als-318.

246 3802 270 3863 3)
292 3801 388 3860 Kaous,
410 3800 514 3849 Antiher
530 3800 692 3864 Aberglaube,
709 3817 733 3865 p.
752 3801 797 3851 29:
815 3801 862 3861 „So
880 3803 979 3866 glaubte
997 3819 1062 3864 man,
1077 3805 1132 3854 dass
1149 3805 1188 3854 die
1203 3805 1300 3854 Bewah·

211 3900 273 3948 rung
295 3885 337 3932 der
355 3883 503 3932 Keuschheit
518 3883 708 3946 hervorragendc
726 3883 797 3933 Krait
813 3885 923 3935 varloiht.
944 3913 973 3923 -
992 3887 1036 3936 Bei
1052 3887 1226 3937 Ilrwachaenen
1240 3887 1301 3937 wird

212 3966 251 4016 die
275 3965 424 4014 Kenschheit
446 3970 534 4014 ersetzt
551 3964 627 4013 durch
644 3964 785 4029 zeitweilige
803 3965 966 4031 Ilnthaltung5
985 3969 1020 4018 ale
1036 3969 1096 4018 wird
1113 3986 1160 4019 von
1177 3971 1223 4019 den
1241 3971 1300 4019 Zau·

211 4049 294 4098 herern
311 4048 425 4098 wihrend
441 4048 483 4097 der
500 4047 741 4111 Verbereitungszeit,
759 4048 798 4097 die
813 4049 879 4098 einer
896 4050 1161 4118 Geiaterbeschudrnng
1177 4059 1236 4104 stete
1250 4069 1303 4103 vor·

212 4131 310 4194 angoht,
326 4131 375 4179 fast
392 4131 477 4179 immor
494 4129 638 4194 gelordert''.
1192 4133 1196 4140 '
1326 4189 1329 4194 ¹

245 4216 270 4274 4)
291 4212 347 4261 Non
369 4211 495 4276 indignum
517 4219 561 4272 eat,
585 4213 649 4277 qnod
670 4213 805 4272 laudemus,
822 4215 954 4278 Augustini
970 4216 1034 4265 illud
1050 4218 1079 4266 de
1097 4218 1236 4283 Apollonio,
1253 4219 1298 4285 np.

213 4295 368 4355 CXXXVIII,
395 4295 425 4343 ad
451 4295 630 4354 Marcellinum,
654 4297 699 4345 18:
718 4295 814 4356 „Multo
832 4297 896 4346 enim
913 4299 1007 4359 melior,
1026 4301 1090 4366 quod
1108 4302 1234 4351 fatendum
1257 4308 1301 4363 ast,

213 4377 357 4443 Apollonius
379 4377 434 4437 fuit,
453 4394 525 4442 qnam
541 4384 579 4428 tot
596 4384 734 4460 stuprorum
751 4386 835 4430 auctor
852 4387 876 4430 et
893 4389 1051 4446 perpetrator,
1068 4401 1139 4449 quem
1156 4385 1240 4435 Iovem
1256 4403 1300 4435 no·

213 4460 331 4511 minent''.
