3354 5262
876 481 920 548 28

350 662 552 728 Eleusinium
584 686 709 758 sacrum
740 663 889 740 Clemens
920 665 1025 746 assae
1056 668 1203 744 μυστικὸν
1226 673 1337 747 vocat3
1365 669 1450 755 quod

347 785 480 850 fortasse
501 788 597 850 nimis
615 792 751 874 anguste
769 790 1021 873 interpretantur
1039 792 1095 874 qui
1111 789 1150 854 ad
1161 792 1299 874 speciem
1311 793 1450 856 scenicae

349 910 481 972 actionis
502 907 675 976 referunt’'.

392 1029 551 1114 Equidem
573 1051 636 1095 non
658 1029 777 1096 infitias
799 1031 862 1108 ibo,
887 1030 1005 1095 festum
1025 1031 1238 1110 Eleusiniam,
1259 1053 1333 1098 cum
1353 1036 1450 1098 sacris

346 1153 379 1215 in
398 1151 545 1215 noctibus
566 1149 618 1216 vel
638 1154 848 1217 recitarentur
872 1152 989 1240 hymni
1012 1151 1065 1218 vel
1088 1159 1287 1238 canerentur,
1311 1175 1449 1240 cumque

347 1273 503 1356 quaedam
526 1273 690 1338 interdum
720 1271 873 1338 fabularis
896 1275 1048 1340 historiae
1072 1281 1144 1340 ante
1169 1275 1277 1341 oculos
1300 1297 1450 1362 poneren-

348 1399 402 1458 tur
436 1397 641 1460 imitamenta
674 1395 895 1476 (μιμήματα),
932 1398 1069 1480 speciem
1104 1395 1275 1481 aliquando
1309 1399 1449 1463 scenicae

347 1518 499 1581 sumsisse
519 1517 662 1594 actionis,
684 1517 956 1601 quemadmodum
976 1523 1008 1583 et
1029 1539 1075 1596 ea,
1095 1517 1276 1602 quaefestis
1288 1517 1448 1585 Ecclesiae

347 1634 530 1702 Catholicae
555 1635 676 1714 diebus,
702 1657 845 1723 quaeque
868 1641 902 1702 in
921 1637 1154 1704 Salutariorum
1177 1642 1288 1726 peragi
1301 1640 1448 1706 videmus

346 1757 584 1834 conventiculis,
611 1757 698 1822 haud
721 1779 791 1823 raro
814 1759 980 1824 theatralis
999 1760 1068 1825 ludi
1087 1761 1239 1846 praebent
1250 1761 1446 1847 adspectum.

344 1877 407 1944 sed
438 1899 501 1962 quo
528 1881 633 1964 magis
656 1899 705 1943 res
727 1881 811 1945 inter
833 1901 866 1945 se
891 1857 1121 1964 similaceum,
1147 1902 1183 1947 eo
1206 1884 1312 1969 magis
1337 1903 1447 1949 caven-

345 1999 422 2064 dum
454 2004 511 2078 est,
536 2021 575 2064 ne
599 1999 717 2066 diversi
739 2003 866 2087 generis
889 2023 939 2066 res
962 2002 1077 2067 iisdem
1101 2005 1206 2069 verbis
1228 2005 1445 2090 designentur.

344 2119 463 2200 Quodsi
493 2123 617 2186 scenica
644 2124 891 2206 repraesentatio
916 2123 1071 2188 eiusmodi
1096 2124 1307 2211 intelligenda
1331 2131 1379 2191 est
1401 2147 1448 2190 re

343 2245 565 2326 praesentatis,
584 2245 619 2307 in
639 2265 701 2329 qua
720 2243 886 2328 loquentes
904 2265 1054 2328 personae
1076 2250 1262 2311 canentesve
1274 2249 1308 2310 in
1320 2267 1447 2311 scenam

343 2365 467 2430 inducti
498 2365 641 2430 fabulam
668 2367 707 2430 ab
730 2367 824 2430 initio
847 2366 887 2430 ad
910 2365 1007 2432 finem
1032 2367 1141 2432 ordine
1164 2374 1329 2453 peragent,
1354 2367 1447 2433 Etleu-

343 2489 463 2552 sinium
486 2507 622 2566 sacrum,
648 2490 716 2554 sive
740 2509 816 2552 cum
839 2485 1004 2553 Clemente
1029 2487 1133 2568 δρᾶμα
1158 2507 1260 2573 uocas,
1283 2491 1351 2556 sive
1370 2511 1445 2554 cum

341 2611 453 2674 ceteris
472 2607 681 2694 scriptoribus
704 2607 849 2689 δρώμενα,
871 2611 993 2675 scenica
1014 2617 1098 2675 certe
1117 2612 1363 2696 repraesentatio
1383 2631 1445 2675 non

341 2729 405 2823 fuit
419 2730 454 2810 ¹).
474 2729 618 2816 Denique
638 2751 766 2796 causam
785 2753 849 2796 non
867 2731 970 2816 viden,
991 2754 1047 2798 cur
1063 2735 1277 2798 initiationem
1292 2733 1445 2818 ambigua

341 2853 449 2934 potius
471 2871 560 2929 voce,
584 2872 647 2936 qua
665 2873 728 2917 non
748 2855 810 2916 nisi
832 2873 915 2916 unus
935 2854 1139 2938 antiquitatis
1153 2855 1289 2938 scriptor
1301 2855 1443 2932 situsus,

342 2971 558 3058 designemus,
580 2993 677 3057 quam
696 2993 773 3039 voce
792 2993 849 3058 per
868 2979 971 3038 totam
991 2976 1218 3058 antiquitatem
1238 2973 1444 3059 apudomnes

342 3093 564 3158 usitatissima.

389 3211 437 3277 De
467 3214 572 3278 verbis
603 3235 722 3301 pugno.
754 3213 816 3279 Sed
847 3235 896 3280 res
927 3217 997 3300 ipsa
1027 3214 1181 3279 aliorsum
1212 3236 1268 3280 nos
1299 3214 1442 3281 devocat.

342 3333 475 3398 Fuerint
493 3333 615 3400 scilicet
634 3333 786 3400 fabularis
806 3335 960 3420 quasdam
977 3336 1130 3400 historiae
1141 3338 1444 3421 repraesentationes

341 3454 515 3520 Eleusiniis
546 3459 712 3542 mysteriis
744 3478 819 3521 cum
850 3455 921 3520 aliis
945 3477 1131 3522 communes
1155 3456 1361 3535 solemnibus,
1385 3457 1444 3521 hoc

341 3581 424 3641 certe
448 3575 515 3640 illis
538 3577 698 3662 peculiare
723 3585 798 3656 erat,
820 3578 904 3662 quod
922 3581 1040 3664 mystis
1061 3580 1129 3642 vita
1149 3577 1305 3642 defunctis
1317 3580 1444 3644 beatam

341 3697 536 3783 spondebant
559 3698 848 3764 immortalitatem.
874 3700 959 3765 Nota
983 3698 1106 3784 loquor,
1131 3720 1273 3784 quaeque
1296 3701 1330 3762 in
1354 3697 1444 3764 nulla

341 3840 403 3883 non
423 3818 461 3883 de
481 3823 646 3906 mysteriis
665 3822 809 3885 invenias
830 3820 1057 3905 disputatione.
1080 3819 1167 3884 Illud
1180 3825 1288 3884 tamen
1300 3839 1443 3902 premen-

341 3956 512 3966 ——uu—

377 4032 400 4092 1)
426 4029 462 4078 Cf.
486 4046 548 4095 qnae
573 4031 636 4080 Cu'n.
663 4031 828 4079 honoramur
850 4029 890 4078 Sa.
917 4030 942 4078 in
969 4031 1134 4096 disputatione
1158 4031 1214 4095 plns
1241 4029 1316 4080 semel
1340 4029 1442 4078 laudata

339 4129 363 4177 p.
381 4113 428 4160 415
447 4112 561 4162 coniecit:
584 4113 656 4176 ,‚-je
677 4113 778 4162 re‘tablis
798 4112 887 4160 l'ordre
902 4112 943 4160 dos
961 4113 1163 4177 representatione
1181 4113 1210 4162 de
1227 4113 1252 4161 la
1272 4112 1328 4161 nuit
1348 4109 1427 4160 sacre‘e

340 4195 364 4256 1)
381 4195 407 4242 la
424 4193 490 4242 sabla
506 4195 536 4242 de
553 4194 712 4243 l'inetitution
729 4195 758 4243 de
775 4194 955 4258 l’agricultur03
974 4196 998 4256 2)
1013 4196 1038 4244 la
1054 4197 1120 4244 table
1135 4197 1176 4245 des
1192 4211 1289 4246 amours
1299 4195 1328 4244 de
1337 4194 1441 4260 Jupiter,

340 4278 369 4326 de
396 4274 446 4324 Deo
473 4283 498 4325 et
523 4277 552 4325 de
575 4277 731 4342 Proserpine;
758 4279 781 4340 3)
807 4277 901 4326 l'union
927 4277 1048 4342 myrtique
1073 4279 1102 4327 de
1124 4279 1304 4344 l'hidrophante
1329 4283 1353 4326 et
1370 4278 1399 4325 da
1416 4277 1441 4324 la

338 4357 456 4424 prdtreese
480 4375 538 4406 avec
560 4359 723 4408 intervention
746 4360 776 4408 de
799 4357 904 4407 Venus’'.
927 4359 991 4423 lingo
1014 4361 1060 4409 hoc
1084 4378 1180 4428 quoque
1206 4361 1328 4431 peculiare
1355 4357 1441 4410 babuit

341 4440 424 4502 essee
443 4442 573 4502 μυστικὸν,
591 4449 618 4491 ut
635 4443 729 4492 inverso
747 4443 831 4492 ordine
848 4448 966 4506 ageretur.
