3354 5262
770 1246 772 1249 ι
869 1319 944 1408 §ti

394 1518 464 1584 Iam
495 1519 535 1584 ad
566 1519 720 1590 Lafaeum
751 1521 966 1604 pervenimus,
997 1538 1059 1603 quo
1085 1539 1179 1583 nemo
1203 1517 1328 1584 doctius
1352 1495 1456 1605 copio-

348 1641 477 1724 siusque
500 1641 538 1705 de
562 1640 695 1705 deorum
714 1639 1003 1705 Alexandrinorum
1024 1639 1115 1704 cultu
1134 1639 1314 1724 disputavit
1324 1638 1361 1721 ¹).
1385 1641 1457 1706 Non

350 1762 466 1844 scripta
496 1764 624 1824 tantum
654 1763 860 1844 antiquorum
892 1761 973 1825 adiit
1004 1764 1183 1838 auctorum,
1212 1761 1266 1825 sed
1290 1767 1323 1826 et
1346 1782 1460 1826 monu-

350 1885 459 1944 menta
489 1881 689 1965 antiquitatis
719 1880 837 1959 effossa,
862 1902 919 1946 neo
949 1884 1107 1968 sagaciter
1129 1885 1258 1946 tantum
1281 1884 1316 1946 in
1339 1903 1389 1948 res
1412 1885 1460 1946 in-

353 2002 496 2086 quisivit,
528 2001 583 2066 sed
612 2006 645 2066 et
677 2007 840 2088 eleganter
863 2024 913 2067 res
936 2005 1092 2088 exposuit.
1121 2001 1229 2068 Multa
1251 2005 1355 2089 igitur
1379 2023 1460 2089 quae

351 2121 480 2187 aliunde
506 2144 569 2187 non
593 2128 728 2210 possunt
752 2126 901 2210 cognosci
925 2145 963 2188 ex
988 2123 1096 2188 Lafeei
1120 2123 1202 2189 libro
1225 2127 1459 2210 cognoscimus,

351 2246 532 2329 rectiusque
551 2244 680 2310 tandem
700 2244 738 2309 de
757 2243 851 2308 Isidis
870 2243 1049 2309 cultoribus
1068 2235 1249 2310 iudicamus
1268 2251 1300 2309 et
1317 2247 1460 2331 aequius.

352 2365 400 2430 De
430 2365 595 2449 mysteriis
610 2371 700 2428 'vero
732 2362 814 2427 nihil
844 2365 922 2429 novi
953 2363 1099 2448 protulit,
1132 2369 1245 2451 utpote
1276 2364 1314 2429 de
1344 2365 1461 2450 quibus

350 2489 480 2550 tantum
502 2505 564 2548 non
585 2487 691 2548 omnia
709 2485 919 2549 innotuerint.
944 2485 1050 2570 Atque
1070 2484 1273 2550 Eleusiniaca
1291 2487 1330 2552 ab
1352 2485 1463 2550 Isiaois

349 2629 390 2672 ne
418 2603 515 2671 illum
538 2605 668 2690 quidem
692 2605 891 2693 distinguere
915 2609 992 2670 satis
1015 2613 1146 2692 apparet
1169 2606 1223 2674 vel
1248 2629 1287 2673 ex
1316 2611 1366 2672 iis·
1381 2628 1462 2693 quae

354 2729 392 2794 de
416 2726 581 2808 6666664116
606 2727 720 2793 refert:
811 2815 813 2820 Ι

398 2849 469 2928 „On
492 2852 553 2915 eait
576 2870 615 2914 en
639 2852 715 2935 quoi
738 2849 800 2914 6116
824 2850 997 2914 6666161611.
1026 2847 1067 2914 [re
1090 2854 1197 2936 myste
1217 2851 1368 2927 assistait,
1382 2848 1460 2914 dans

350 2971 382 3037 la
401 2973 504 3057 partio
522 2970 554 3036 la
572 2970 645 3055 plus
665 2970 781 3035 6611616
801 2970 845 3035 du
865 2971 1053 3048 senatusue,
1073 2971 1091 3034 6
1111 2991 1172 3035 666
1195 2977 1279 3035 66616
1298 2971 1336 3036 de
1352 2970 1461 3036 drame

353 3095 409 3178 qui
438 3092 544 3156 faisait
571 3111 679 3175 passer
702 3111 777 3156 sous
801 3111 850 3155 ses
875 3111 961 3174 yeux
983 3095 1073 3155 toute
1096 3089 1254 3156 l’histoire
1278 3090 1461 3178 legendaire

355 3212 394 3276 de
411 3211 443 3276 la
463 3210 597 3277 divinite
617 3212 636 3275 a
654 3209 792 3295 laquelle
810 3209 836 3274 il
855 3231 888 3275 se
908 3213 1099 3288 consacrait;
1120 3213 1193 3295 puis
1211 3210 1327 3276 ssctaic
1338 3215 1460 3277 soumis

356 3333 532 3409 lui-meme,
557 3352 598 3396 au
622 3332 737 3397 milieu
755 3332 809 3397 des
830 3331 984 3408 tenebras,
1004 3333 1023 3396 a
1044 3353 1104 3396 une
1124 3332 1204 3397 serie
1216 3332 1402 3417 d’epreuves
1416 3353 1462 3396 66-

356 3453 532 3532 doutables,
547 3454 678 3539 J'usqu'a
697 3475 731 3518 ce
751 3453 847 3538 qu'on
866 3453 1020 3517 l'amenat
1040 3453 1117 3541 dans
1136 3476 1181 3517 un
1199 3453 1266 3518 lieu
1285 3454 1323 3519 de
1344 3454 1460 3520 delices

354 3581 426 3642 tout
445 3574 696 3661 resplendissant
719 3575 758 3640 de
777 3575 923 3651 lumiere,
945 3575 986 3639 ori
1005 3573 1060 3638 des
1073 3576 1269 3660 apparitione
1282 3562 1460 3652 soudaines,

353 3699 396 3764 ori
427 3697 671 3764 d'harmonieux
695 3696 823 3763 accords
847 3697 996 3761 venaient
1020 3696 1147 3780 frapper
1170 3716 1218 3760 ses
1241 3701 1316 3760 sens
1335 3715 1396 3780 par
1416 3716 1460 3759 un

357 3824 515 3885 contraste
546 3820 697 3905 imprevu
728 3820 781 3900 (cf.
815 3817 944 3893 Mnuar,
976 3815 1121 3880 Histoire
1147 3815 1185 3880 de
1209 3815 1241 3880 16
1263 3815 1399 3902 religion
1422 3815 1461 3881 de

360 3940 392 4005 16
424 3938 525 4005 (16666
557 3945 686 4027 antique
710 3941 751 4018 II,
783 3962 814 4025 p.
837 3937 901 4002 333
916 3938 971 4018 ²)).
1009 3936 1128 4002 Lucius
1152 3959 1170 4002 a
1193 3936 1243 4002 ete
1273 3938 1394 4008 temoin
1424 3938 1463 4003 de

392 4169 416 4230 1)
433 4168 462 4215 G.
480 4167 592 4226 Lnrnrn,
610 4166 718 4215 Histoire
734 4166 767 4214 du
783 4165 848 4214 culte
863 4165 905 4213 des
921 4161 1035 4212 divinitas
1049 4162 1221 4212 d’Alcxaudris
1235 4164 1291 4212 hors
1306 4165 1335 4212 (16
1350 4144 1463 4230 11136616
1521 4233 1524 4236 ¹

357 4250 534 4394 (1·⁸28)4)lilsuar
558 4331 592 4380 ihi
616 4331 645 4380 (16
668 4329 800 4379 Eleusiniis
822 4327 943 4393 mysteriis
967 4325 1086 4391 disputat,
1109 4327 1151 4376 ssd
1176 4327 1309 4376 Isiacorum
1331 4345 1380 4376 non
1404 4327 1464 4376 16611

359 4413 513 4463 mentionem.
