3350 5264
866 1251 959 1340 gar.
1028 1217 1030 1222 ’

410 1437 517 1502 Deos
540 1437 699 1502 interos
723 1442 762 1501 et
785 1437 879 1501 deos
902 1457 1075 1522 superos
1100 1437 1259 1500 accessi
1284 1455 1418 1500 eoram

650 1565 687 1623 et
710 1559 881 1623 adoravi
905 1559 949 1623 de
972 1579 1183 1643 proxumo.

412 1740 475 1805 Hie
498 1743 639 1825 primum
663 1740 700 1806 de
722 1743 792 1827 ipsa
815 1759 890 1806 vooe
915 1741 1001 1816 „dii”
1027 1739 1182 1825 quomodo
1205 1742 1247 1803 sit
1270 1739 1459 1824 accipienda,

368 1883 468 1946 panea
501 1861 669 1946 praefanda
703 1868 787 1926 sunt.
824 1861 946 1946 Nempe
977 1869 1009 1926 et
1040 1864 1211 1946 superioris
1242 1882 1309 1925 esse
1344 1861 1461 1925 ordinis

369 1984 458 2048 divos
488 1985 556 2047 sive
587 1981 671 2063 deos,
704 2003 770 2046 esse
802 1987 833 2046 et
864 1983 1022 2048 inferioris
1046 1985 1113 2046 sive
1136 1981 1313 2059 daemones,
1338 1982 1462 2066 antiqui

370 2126 426 2189 pro
449 2109 533 2168 oerto
558 2103 687 2187 quidem
711 2104 902 2181 statuebant,
927 2103 981 2168 sed
1005 2124 1120 2187 parum
1144 2108 1288 2168 aoourate
1311 2108 1462 2186 utrosque

368 2202 451 2290 inter
485 2247 518 2290 se
553 2225 802 2310 distinguebant,
838 2227 884 2290 ita
915 2231 953 2288 ut
984 2225 1094 2290 eadem
1117 2227 1249 2289 numina
1272 2224 1365 2288 modo
1390 2223 1465 2288 deos

371 2348 517 2424 audiisse,
553 2347 647 2411 modo
683 2347 860 2422 daemones,
895 2346 1019 2410 nullam
1050 2354 1178 2412 moveat
1208 2347 1463 2412 admirationem.

373 2466 421 2534 Of.
453 2490 479 2532 e.
503 2488 535 2554 g.
568 2467 679 2534 Celsus
710 2489 759 2552 ap.
792 2453 879 2553 orig}
911 2467 995 2546 VIII,
1029 2467 1089 2534 58:
1122 2463 1464 2546 sistaricensem,

373 2587 418 2655 d'rr
443 2587 502 2670 ἄρα
525 2594 577 2654 τοῦ
602 2591 754 2670 ἀνθρώπου
778 2591 811 2655 τὸ
835 2597 925 2667 σῶμα
950 2587 984 2668 ἓξ
1008 2591 1059 2654 καὶ
1085 2591 1245 2669 τριάκοντα
1271 2590 1463 2670 διειληφότες

373 2713 512 2789 δαίμονες
543 2712 560 2788 ἢ
595 2711 654 2776 deo!
684 2735 761 2782 τινες
794 2711 913 2792 αἰθέριοι
938 2713 980 2784 εἰς
1005 2717 1143 2776 τοσαῦτα
1168 2712 1242 2791 μέρη
1269 2712 1465 2788 terrarubea

372 2836 410 2915 (οἱ
441 2835 473 2899 δὲ
504 2835 555 2898 καὶ
589 2833 667 2898 πολὺ
699 2835 821 2904 πλείους
851 2832 1005 2914 λέγουσιν)
1030 2831 1125 2906 ἄλλος
1149 2833 1228 2899 ἄλλο
1252 2859 1280 2898 τι
1305 2835 1399 2898 αὐτοῦ
1424 2831 1466 2896 νέ-

372 2981 439 3034 μειν
472 2957 675 3020 ἐπιτέτακται
690 2953 726 3036 ¹).
757 2955 822 3020 Neo
854 2955 1009 3041 Apuleius
1039 2957 1097 3020 hae
1126 2959 1160 3020 in
1190 2977 1223 3020 re
1251 2957 1381 3020 sibimet
1402 2957 1466 3040 ipsi

372 3083 502 3142 constat.
527 3077 607 3142 Met.
632 3077 689 3154 XI,
716 3075 758 3141 30
782 3075 881 3141 Osiris
907 3077 1004 3152 „deus
1028 3077 1123 3141 deum
1146 3098 1338 3163 magnorum
1361 3079 1465 3163 pot-ior

373 3205 404 3262 et
435 3200 594 3263 maiorum
626 3219 772 3262 summus
796 3204 827 3261 et
850 3218 1051 3261 summorum
1074 3201 1235 3263 maximus
1258 3206 1289 3264 et
1313 3202 1467 3264 maximo

373 3341 446 3384 rum
477 3307 647 3406 regnator''
679 3324 820 3397 venatur,
846 3320 899 3384 sed
921 3323 955 3383 in
977 3318 1086 3385 libello
1110 3321 1147 3385 de
1170 3320 1237 3386 Deo
1261 3319 1398 3386 Socratis
1424 3319 1465 3384 15

374 3463 436 3506 non
467 3440 529 3506 alio
560 3441 627 3506 loeo
657 3442 793 3506 habetur
819 3447 913 3526 atque
937 3442 1161 3526 Amphiaraus,
1185 3442 1327 3528 Mopsus,
1352 3445 1467 3508 Aesou-

373 3563 487 3648 lapius,
511 3563 545 3626 id
569 3569 626 3641 est,
648 3565 688 3628 iis
712 3563 940 3628 adnumeratur
963 3564 1177 3642 daemonibus,
1203 3567 1314 3650 quiin
1338 3585 1467 3650 corpore

374 3685 514 3749 humano
537 3685 696 3769 quondam
719 3685 847 3763 fuerint,
873 3688 999 3770 quique,
1023 3688 1106 3750 iuste
1129 3707 1164 3752 ao
1186 3687 1357 3772 prudenter
1379 3689 1467 3752 vitae

375 3805 531 3872 curriculo
549 3807 736 3891 gubernate,
756 3813 866 3892 postea
885 3807 923 3872 ab
936 3807 1120 3872 hominibus
1132 3808 1177 3872 dii
1189 3811 1253 3873 sint
1264 3807 1416 3894 appellati
1428 3805 1465 3888 ¹).

377 3975 545 3986 ——n—

409 4085 433 4145 1)
450 4083 520 4132 Hano
536 4084 673 4148 opinionem
690 4084 817 4150 impugnat
834 4085 970 4133 Abammon
987 4083 1031 4144 IX,
1048 4083 1071 4136 7.

410 4166 434 4226 2)
458 4166 511 4214 Hoo
533 4167 590 4230 quid
613 4166 660 4215 sihi
683 4167 750 4225 volit,
773 4173 801 4215 ut
822 4166 910 4215 melius
936 4172 1060 4231 appareat,
1079 4166 1096 4215 1.
1115 4166 1467 4232 tquaesequunturaddsm

313 4292 318 4304 ,
377 4266 409 4298 se.
432 4249 476 4298 16:
501 4248 606 4307 „Verum
623 4249 683 4298 haec
700 4250 778 4298 omnis
795 4249 935 4298 distributio
953 4265 1035 4298 eorum
1053 4249 1197 4298 daemonum
1214 4251 1268 4309 fuit,
1287 4249 1328 4314 qui
1345 4249 1468 4314 quondam

376 4333 401 4380 in
427 4347 524 4395 oorpore
545 4332 651 4380 humano
674 4333 748 4381 inere.
772 4333 833 4381 Sunt
855 4339 936 4380 autem
953 4348 1001 4380 non
1019 4333 1151 4395 posteriore
1168 4349 1276 4392 numero,
1292 4333 1468 4396 praestantiore

379 4417 448 4478 longe
465 4415 584 4478 dignitate
601 4415 709 4480 superius
727 4416 795 4466 aliud
813 4416 938 4480 augustius
957 4431 1031 4480 genus
1048 4417 1201 4476 daemonnm,
1218 4416 1260 4481 qni
1276 4432 1369 4481 semper
1386 4433 1401 4464 a
1418 4431 1469 4464 eor·
