3350 5264
721 508 784 572 135

209 693 291 767 nien,
322 691 397 754 Ath.
429 689 517 754 Mitt.
549 695 627 754 tom.
659 689 765 754 XXIV
788 715 819 778 p.
845 691 920 756 260.
953 693 1035 756 Utut
1058 693 1135 758 haec
1158 713 1224 758 sese
1246 694 1299 758 ha-

208 813 293 888 bont,
325 810 393 875 fieri
422 832 483 875 non
514 817 619 896 potest
649 813 727 896 quin
757 815 956 898 magicorum
985 815 1036 878 hio
1057 817 1298 880 meminerimus

208 935 385 998 carminum
414 934 517 996 aureis
546 931 674 998 laminis
704 936 877 1000 incisorum
905 955 940 1000 ac
972 937 1161 1021 quibusdam
1193 939 1226 1000 in
1255 958 1300 1002 se·

208 1052 347 1139 pulchris
376 1055 409 1117 in
440 1053 560 1139 Magna
591 1052 724 1120 Graecia
747 1055 864 1121 effossis
887 1040 1090 1122 inventorum
1106 1057 1139 1140 ¹).
1171 1058 1299 1124 Scilicet

206 1197 267 1239 non
302 1173 405 1239 solum
441 1173 605 1261 Aegyptii,
641 1175 695 1240 sed
727 1177 915 1263 quandoque
950 1184 981 1242 et
1016 1176 1128 1244 Graeci
1161 1182 1298 1245 mortuis

205 1295 402 1383 phylacteria
421 1296 595 1383 appendere
616 1279 767 1376 solebant,
788 1320 923 1383 quorum
944 1321 1002 1386 ope
1023 1303 1108 1365 viam
1119 1303 1299 1367 invenirent

206 1417 291 1503 apud
324 1418 450 1483 inferos.
486 1417 581 1484 Iuvat
611 1421 771 1505 specimen
800 1421 986 1487 huiusmodi
1016 1444 1168 1488 versuum
1199 1423 1299 1488 oeulis

206 1540 359 1604 subiicere
382 1539 555 1606 lectorum:

252 1693 343 1758 ’λλλ’
369 1687 442 1757 ὅταν
464 1693 555 1774 dcxi
579 1692 710 1774 προλίπρ
733 1691 815 1774 φαορ
839 1693 952 1760 ἀελίοιο

252 1795 345 1890 δεξιὸν
369 1813 493 1898 ε[ἵσι]θι,
517 1816 581 1898 [cisso
606 1813 654 1880 δεῖ
673 1816 917 1896 πεφυλαγμένον
940 1813 972 1882 εὖ
994 1815 1086 1893 μάλα
1111 1815 1228 1882 odora.

252 1945 354 2016 Χαῖρε,
378 1936 478 2000 παθὼν
503 1937 536 2000 τὸ
560 1935 692 2012 πάθημα
716 1939 750 2002 τὸ
775 1939 833 2021 [τ’]
856 1938 937 2004 οὔπω
961 1939 1091 2022 ιι[ρ]όοθ’
1106 1940 1296 2013 intrivisse·

250 2060 312 2132 θεὸς
337 2057 469 2142 ε’[ν]ένου
494 2057 527 2134 ἐξ
547 2059 710 2140 ανθρώπου,
735 2056 834 2141 ἔριφος
860 2061 889 2131 ἐς
913 2059 1005 2139 γάλα
1030 2060 1149 2133 ἔπινες.

250 2188 353 2260 Χαῖρε,
377 2188 481 2262 χαῖρε,
505 2178 607 2258 δεξιὰν
630 2179 811 2265 disrumpis]
902 2267 904 2273 Ι

249 2308 399 2378 λειμῶνας
424 2326 459 2366 τε
483 2300 575 2383 ἱεροὺς
600 2301 699 2385 acqui
721 2303 766 2386 τ’]
790 2300 893 2368 ἄλσεα
917 2307 1204 2389 Φε[ρ]οε[φ]ονε1αρ,

203 2454 298 2520 Insos.
320 2450 375 2519 Gr.
396 2451 457 2518 Sic.
480 2458 511 2518 et
530 2452 570 2517 It.
593 2452 669 2519 642.
694 2452 778 2519 Illud
797 2451 898 2536 ἔριφος
919 2455 948 2528 ἐς
967 2455 1059 2540 γάλα
1079 2454 1198 2535 inesse,
1219 2460 1296 2536 sive,

205 2577 261 2641 ubi
295 2579 441 2640 mortuus
475 2576 544 2659 ipse
578 2573 712 2658 loquens
745 2575 919 2652 inducitur,
951 2573 1067 2653 ἕπετον,
1099 2578 1194 2644 Inscr.
1221 2579 1297 2656 641,

206 2694 390 2782 symbolum
411 2697 445 2774 (i.
458 2715 485 2761 e.
505 2699 636 2774 tessera)
656 2694 791 2759 habetur
810 2694 995 2781 Orphicum.
1019 2697 1124 2784 Atque
1143 2701 1299 2766 eiusmodi

205 2817 350 2904 symbola
380 2821 412 2880 et
435 2819 561 2902 magnis
583 2819 617 2880 in
640 2817 803 2902 mysteriis
827 2815 944 2881 tradita
967 2839 1033 2882 esse
1055 2821 1205 2885 initandis
1228 2814 1308 2886 oonss

204 2941 279 3004 iecit
304 2938 463 3019 Fouennr,
490 2940 724 3024 mysticamque
754 2940 972 3022 quaestionem
1002 2941 1047 3004 sic
1068 2941 1190 3006 solvere
1212 2963 1299 3007 oona

206 3067 259 3126 tus
284 3067 341 3138 est,
366 3059 638 3144 quemadmodum
660 3061 694 3122 in
712 3063 801 3144 parte
821 3062 993 3144 posteriore
1013 3061 1063 3145 §8
1082 3065 1298 3148 exposuimus.

208 3182 268 3248 Sed
299 3181 376 3268 quid
406 3185 507 3258 vetat,
531 3180 663 3246 eandem
687 3179 879 3246 solutionem
901 3203 963 3246 non
986 3183 1025 3247 ad
1047 3186 1171 3249 minora
1193 3189 1300 3272 potius

208 3303 355 3368 adhibere
385 3305 549 3388 mysteria,
581 3304 766 3387 praesertim
799 3323 872 3366 oum
899 3305 931 3366 in
955 3305 994 3368 iis
1018 3325 1054 3369 ea
1076 3308 1212 3371 maximi
1234 3329 1300 3372 mo-

207 3427 309 3489 menti
338 3430 452 3500 essent,
477 3445 556 3508 qnae
580 3422 769 3500 dicerentur,
793 3425 826 3486 in
848 3425 1032 3502 maioribus,
1056 3448 1136 3511 quae
1159 3427 1300 3492 rideren-

207 3544 281 3611 tur?
305 3545 447 3630 Denique
471 3547 516 3609 sic
539 3543 679 3609 scholion
704 3543 743 3609 ad
765 3546 926 3631 Aristoph.
947 3545 1033 3611 Plut.
1054 3569 1100 3612 vs.
1119 3547 1202 3612 845:
1224 3547 1300 3624 ἦσαν

208 3667 238 3733 δὲ
261 3668 303 3732 τοὶ
328 3667 383 3744 ραὲν
408 3665 539 3743 μεγαλα
562 3672 616 3745 (so.
637 3667 804 3752 mysteria)
824 3673 879 3739 τῆς
900 3668 1072 3746 Δήμητρος,
1093 3667 1135 3732 τοὶ
1155 3667 1185 3732 δὲ
1205 3671 1299 3748 μικροὶ

141 3857 144 3863 ,
207 3788 399 3869 Περσεφόνης
430 3797 482 3862 τῆς
509 3788 605 3860 αὐτῆς
630 3785 789 3864 θυγατρός,
813 3787 890 3872 quid
913 3789 975 3853 sibi
996 3788 1086 3868 velit,
1111 3790 1213 3857 multo
1237 3813 1300 3857 me

205 3910 269 3975 lius
287 3908 521 3996 intellegemus.

242 4139 266 4203 1)
283 4136 320 4186 cf.
337 4138 383 4187 heo
400 4136 429 4186 do
445 4151 471 4184 re
488 4138 499 4199 q
517 4135 548 4183 14
565 4150 589 4198 p.
608 4131 648 4184 67.
794 4123 797 4141 ¹

644 4359 860 4375 ...pua——a--mq
