3350 5264
725 482 786 552 117

210 689 266 752 pro
296 666 361 732 sole
384 672 615 732 monstraretur
636 669 783 743 initiatis,
808 667 863 731 sed
886 671 923 730 ut
945 667 1067 730 initiati
1090 686 1107 729 e
1131 665 1300 731 sacerdotis

206 791 311 855 verbis
343 788 444 854 solem
475 803 508 854 se
538 789 646 854 videre
669 788 846 864 clamantis,
870 787 945 854 solis
968 789 1145 874 imaginem
1170 789 1232 852 sibi
1256 790 1300 852 in·

205 913 397 988 formarent.
411 913 639 986 enarravimus,
671 915 704 976 et
736 910 794 974 hoc
825 915 921 994 quare
952 909 991 974 ad
1026 931 1139 974 verum
1171 911 1300 994 propius

205 1033 375 1114 accederet,
401 1032 550 1118 §2data
572 1052 665 1116 opera
688 1033 904 1116 exposuimus.
928 1029 1048 1095 Verum
1072 1029 1176 1094 multo
1200 1032 1299 1096 maio·

206 1174 277 1244 rem·
304 1153 409 1219 verbis
438 1152 621 1239 Apuleianis
645 1158 677 1216 et
700 1154 769 1216 vim
792 1155 894 1217 inesse
918 1157 1069 1238 putamus
1092 1157 1125 1216 et
1146 1151 1297 1237 leporem,

205 1275 245 1341 ed
268 1275 431 1340 ecstaticus
455 1275 481 1337 si
504 1273 683 1338 referuntur
705 1275 853 1338 visiones.
891 1271 1014 1358 Quippe
1036 1272 1118 1337 lucis
1139 1272 1298 1358 fulgorem

204 1396 300 1460 radiis
331 1394 405 1459 solis
436 1394 521 1460 haud
552 1393 731 1458 absimilem
763 1393 941 1458 visionibus
972 1391 1037 1456 illis
1067 1414 1129 1456 non
1161 1393 1295 1460 defuisse

204 1519 328 1601 antiqui
346 1518 423 1580 satis
442 1521 599 1580 testantur
619 1518 797 1601 scriptores.
823 1516 1031 1600 Inspiciamus
1052 1517 1146 1582 modo
1166 1517 1297 1582 Novum

203 1637 455 1712 Testamentum,
486 1640 520 1700 in
553 1657 615 1721 quo
639 1639 765 1722 saepius
789 1635 825 1700 fit
847 1639 968 1701 mentio
992 1638 1174 1716 ἐκστάσεως,
1198 1639 1298 1724 deque

204 1759 306 1824 Paulo
339 1779 419 1843 quae
450 1763 627 1834 narrantur,
660 1758 904 1834 consideremus,
937 1759 1007 1823 Act.
1039 1761 1099 1846 Ap.
1124 1759 1179 1837 IX,
1205 1759 1243 1824 3:
1269 1762 1297 1824 ἐν

204 1882 235 1946 δὲ
267 1881 308 1961 τῷ
340 1880 527 1960 πορεύεσθαι,
560 1880 680 1956 ἐγένετο
704 1881 797 1944 αὐτὸν
821 1878 956 1958 ε’γγάζειν
981 1891 1019 1960 τῇ
1046 1883 1218 1962 Δαμασκῷ,
1245 1881 1295 1944 καὶ

206 1999 355 2082 ἐξαίφνης
392 2001 617 2082 περιήστραψεν
653 2003 745 2066 αὐτὸν
775 2007 839 2082 Φῶς
872 2001 934 2066 άπὸ
966 2006 1018 2066 τοῦ
1052 2005 1183 2084 οὐρανοῦ,
1216 2003 1298 2088 quod

205 2127 274 2211 ipse
305 2125 400 2189 refert
433 2123 596 2207 apostolus
619 2124 661 2189 ib.
686 2122 791 2200 XXII,
818 2123 853 2188 6:
879 2123 1023 2202 Ἐγένετο
1048 2125 1080 2189 δέ
1104 2137 1154 2202 μοι
1178 2149 1298 2204 πορευο-

206 2245 285 2326 μένῳ
317 2245 368 2308 καὶ
400 2243 554 2323 ἐγγίζοντι
586 2253 624 2326 τῇ
649 2247 812 2326 Δαμασκῷ
836 2245 902 2322 περὶ
926 2245 1125 2324 μεσημβρίαν
1151 2245 1297 2324 ἐξαίφνης

207 2369 241 2431 εἰς
260 2371 312 2431 τοῦ
331 2369 453 2446 οὐρανοῦ
474 2365 701 2446 περιαστράψαι
722 2372 788 2448 φῶς
809 2367 910 2430 ἱκανὸν
932 2369 998 2446 περὶ
1024 2367 1090 2445 ἐμά,
1119 2372 1152 2434 ot
1179 2367 1296 2446 XXVI,

208 2487 249 2553 12
273 2509 319 2574 sq.
345 2487 539 2568 πορευόμενος
564 2489 605 2558 εἰς
630 2490 684 2561 τὴν
710 2489 882 2564 Δαμασκὸν
905 2489 977 2564 μετ’
999 2487 1210 2564 ἒξουσ1αςιια1
1232 2491 1295 2556 ε’πι-

203 2618 313 2690 τροπῆς
338 2619 392 2683 τῆς
418 2610 502 2687 παρά
527 2616 583 2673 πάν
608 2608 779 2691 ἀρχιερέων,
806 2609 917 2690 ἡμέρας
939 2610 1034 2686 μέσας
1056 2611 1139 2676 κατά
1158 2614 1212 2686 σὺν
1233 2611 1295 2678 ὁδὸν

204 2727 281 2796 εἶδον
305 2757 348 2780 ’-
371 2730 523 2811 οὐρανόθεν
557 2731 628 2811 ὑπὲρ
652 2732 705 2806 τὴν
729 2731 936 2808 λαμπρότατα
961 2738 1013 2796 τοῦ
1040 2734 1123 2806 ἡλίου
1147 2733 1297 2812 περιλάμ-

202 2857 268 2932 ψαν
292 2878 333 2929 με
357 2854 422 2933 Φῶς
447 2853 498 2918 καὶ
524 2852 590 2925 τοὺς
616 2853 670 2917 σὺν
694 2853 757 2928 ἐμοὶ
783 2853 993 2932 πορευομένους
1009 2851 1045 2934 ¹).
1076 2855 1186 2940 Neque
1209 2876 1296 2941 prae·

201 2977 297 3040 terire
332 2975 378 3040 fas
414 2979 462 3039 est
498 2995 576 3059 quae
606 2974 747 3061 legimus
779 2975 874 3060 Apoc.
907 2973 973 3039 Ioh.
1005 2975 1029 3053 I,
1064 2975 1206 3053 10-20,
1238 2977 1295 3042 ubi

200 3096 355 3182 Iohannes
375 3097 405 3158 ἕν
428 3097 582 3172 πνεύμασι
605 3095 710 3161 Iesum
726 3117 759 3161 se
779 3097 897 3161 vidisse
916 3095 1062 3172 affirmat,
1084 3093 1292 3174 rusticitius

202 3219 296 3281 αὐτοῦ
317 3220 354 3288 ὥς
375 3217 388 3281 δ
410 3215 491 3292 ἥλιος
511 3219 616 3295 oclus
638 3218 666 3281 ἕν
687 3226 725 3299 τῇ
746 3218 873 3293 δυνάμει
896 3217 1001 3295 αὑτοῦ,
1019 3217 1062 3283 ib.
1085 3217 1137 3282 16.
1155 3217 1207 3283 sic
1218 3221 1294 3284 etin

200 3337 427 3403 conventiculis
457 3339 635 3424 theurgicis
666 3339 749 3416 deos,
781 3339 838 3404 ubi
866 3346 1047 3424 appareant,
1070 3361 1222 3426 magnam
1245 3340 1293 3405 lu-

200 3463 299 3524 minis
328 3459 459 3524 fundere
487 3462 556 3526 vim
579 3481 598 3524 a
621 3458 859 3545 Neoplatonicis
882 3461 1020 3525 traditur
1032 3460 1068 3541 ²).
1105 3459 1154 3528 of.
1179 3463 1293 3526 Abam-

199 3603 285 3659 mon,
317 3580 358 3658 II,
392 3580 491 3659 4-8‚
515 3581 569 3645 sed
591 3583 752 3666 imprimis
775 3580 873 3645 illud:
911 3582 969 3645 Καὶ
995 3583 1054 3657 μὶςν
1077 3583 1132 3654 πάν
1155 3606 1194 3658 γε
1217 3599 1292 3647 λεπ-

200 3702 316 3776 cornua
340 3706 392 3766 ποῦ
416 3701 518 3780 Φιοτὸς
542 3703 567 3766 σι’
590 3703 646 3778 μὲν
671 3701 725 3766 θεοὶ
752 3705 903 3776 ποσαύτνν
929 3703 1165 3780 ἐπιλάμπουσιν,
1189 3705 1226 3775 ὥς
1247 3708 1290 3781 μὴ

202 3823 345 3888 δύνασθαι
366 3831 474 3906 χωρεῖν
495 3825 591 3896 αὐτὴν
611 3823 680 3894 τοὺς
701 3824 894 3899 συματιιιοὺς
916 3822 1106 3902 ὀφθαλμούς,
1126 3825 1169 3888 11).
1191 3822 1221 3888 8.
1244 3822 1291 3890 Of.

200 3945 312 4023 61Π1,
337 3945 375 4011 2:
400 3943 515 4010 άλλοπε
539 3946 570 4010 δὲ
595 3945 695 4026 Φανὸς
721 3944 961 4025 ἐπιλάμψαντος
985 3949 1129 4023 λαμπροῦ
1156 3944 1206 4010 καὶ
1233 3947 1294 4024 ἦρε-

233 4217 256 4276 1)
281 4214 354 4264 Hisce
381 4215 410 4263 de
435 4214 496 4262 locis
518 4215 549 4263 cf.
576 4213 609 4263 Η.
634 4213 750 4271 Wamut,
773 4213 850 4262 Wirk.
875 4214 898 4262 ι1.
922 4213 1024 4273 Geistes,
1047 4230 1070 4278 p.
1090 4213 1135 4266 171
1155 4231 1189 4278 sq.
1208 4214 1244 4264 Oi.
1269 4195 1294 4264 et

199 4297 464 4444 P‘22)⁰{t⁸gqfloeopm
481 4377 651 4442 Neoplatonici
669 4378 813 4442 quandoque
833 4377 895 4426 lucis
915 4378 1031 4443 mysticas
1051 4378 1148 4430 fulsisse
1165 4377 1292 4442 splendore

204 4464 350 4522 ferebantur,
370 4469 397 4512 ut
414 4466 425 4524 §
444 4461 474 4510 19
492 4477 516 4525 p.
533 4462 581 4510 112
599 4477 635 4524 sq.
651 4461 763 4510 vidimus.
