3350 5264
710 502 774 568 133

196 689 318 756 vellent
337 691 494 775 imagines
518 687 679 765 obtulisse,
705 692 761 752 aut
785 684 979 750 Berthelotio
1003 683 1185 762 affirmanti,
1210 685 1291 749 eius-

196 811 283 878 modi
305 812 497 896 praestigiis,
522 808 630 894 quales
653 811 670 893 ᾗ
690 807 733 872 20
757 829 787 893 p,
815 806 878 871 118
901 806 1123 884 indicavimus,
1147 807 1289 870 initiatos

195 934 353 1018 decepisse
372 933 605 1017 hierophantas.
626 930 839 1016 Quamquam,
853 934 890 994 ut
901 932 1049 1015 ingenue,
1063 929 1140 1014 quid
1153 931 1287 995 sentiam

195 1056 362 1140 proferam,
394 1054 455 1119 fide
486 1055 591 1117 maius
624 1052 759 1126 videtur,
791 1051 967 1116 sacerdotes
990 1049 1205 1115 nobilissimos
1227 1071 1289 1115 non

194 1175 382 1262 plebeculae·
394 1181 521 1240 tantum
541 1173 684 1250 stolidae,
705 1174 760 1239 sed
779 1179 811 1237 et
831 1175 940 1257 magni
959 1174 1082 1258 ingenii
1094 1174 1173 1238 viris
1185 1171 1289 1236 multa

195 1319 252 1383 per
282 1295 407 1361 saecula
440 1297 641 1382 imposuisse.
678 1293 740 1358 Hie
775 1315 899 1378 quoque
926 1270 1057 1359 Gauron
1080 1314 1159 1378 quae
1182 1293 1288 1358 verbis

192 1438 287 1504 supra
317 1417 425 1482 allatis
455 1416 620 1493 addiderit,
653 1414 797 1480 afferam:
829 1454 871 1463 -
899 1436 954 1493 „so
978 1416 1050 1480 sehr
1072 1415 1139 1479 sich
1162 1414 1287 1480 freilieh

193 1541 247 1606 das
278 1537 398 1606 Gefiihl
425 1538 570 1624 dagegen
594 1538 729 1612 straubt
755 1537 827 1601 dass
852 1539 939 1601 einer
962 1537 1017 1602 der
1039 1537 1285 1622 angesehensten

193 1660 432 1747 priesterliohen
455 1649 630 1724 Beambten
655 1657 708 1722 des
731 1657 927 1723 klassisohen
948 1655 1179 1724 Grieohenland
1199 1661 1290 1722 einen

193 1782 314 1847 Irrtum
346 1782 553 1870 beginstigte
586 1779 660 1844 oder
690 1781 882 1866 wenigetens
912 1778 1002 1843 nicht
1035 1777 1210 1856 aufklitrte,
1235 1778 1290 1843 der

192 1927 254 1969 nur
284 1903 343 1969 auf
368 1905 454 1968 einer
483 1902 637 1988 plumpen
669 1902 861 1987 Tdusehung
892 1902 947 1966 der
976 1899 1150 1967 Gemeinde
1174 1902 1290 1966 beruht

192 2025 259 2124 und
288 2025 466 2111 abgesehen
488 2044 550 2088 von
573 2022 627 2086 der
650 2028 815 2110 grdsseren
839 2021 1001 2108 Wirkung
1026 2023 1093 2087 sioh
1115 2024 1204 2114 nicht
1227 2022 1292 2088 viel

194 2170 256 2212 von
276 2146 336 2212 den
355 2145 551 2211 nahlreiohen
571 2143 836 2231 Naohbildungen
856 2145 910 2208 des
929 2143 1159 2210 eleusinisehen
1174 2144 1290 2210 Kultes

195 2267 261 2333 und
285 2267 432 2332 auderem
455 2264 563 2352 Truge
587 2265 827 2330 untersohieden
853 2266 956 2330 haben
979 2265 1097 2330 hann”.

238 2391 281 2454 At
312 2389 388 2453 haee
418 2388 456 2453 de
487 2387 699 2454 solemnibus:
726 2387 763 2452 de
787 2387 990 2473 singulorum
1013 2409 1088 2454 vero
1109 2391 1289 2454 initiatione

191 2510 301 2576 eadem
332 2512 486 2594 suspicari
514 2531 576 2574 non
600 2512 755 2595 cogimur.
781 2509 911 2574 Etenim
935 2532 1010 2574 aum
1034 2511 1088 2588 dii,
1113 2516 1208 2597 atque
1229 2514 1289 2576 im-

191 2633 304 2718 primis
334 2632 505 2718 Aegyptii,
539 2633 710 2696 somnianti
744 2633 868 2716 saepius
901 2653 967 2696 sese
995 2632 1150 2710 offerrent,
1179 2634 1289 2718 quidni

190 2759 222 2818 et
252 2757 393 2838 mystam
424 2755 456 2816 in
488 2772 598 2816 somno
631 2753 824 2829 „ecstatioo”
855 2752 927 2817 deos
951 2752 1067 2818 vidisse
1090 2751 1290 2819 statuamus?

190 2871 282 2940 Certe
313 2874 373 2939 hoo
403 2873 537 2938 suadent
566 2871 627 2937 loni
658 2894 697 2937 ex
729 2874 868 2938 Aristide
892 2875 1017 2939 rhetore
1041 2876 1058 2958 h
1084 2872 1124 2941 17
1149 2881 1181 2940 et
1205 2877 1222 2960 ᾗ
1249 2876 1288 2939 18

189 2994 289 3074 allati,
320 2996 379 3060 hoo
408 2994 497 3060 loeus
530 3015 568 3059 ex
596 2993 791 3060 Poemandro
823 2996 840 3078 ᾗ
866 2992 906 3061 17
937 2998 1121 3081 exscriptus,
1147 2997 1205 3061 hoo
1229 2995 1289 3061 Dio

189 3112 352 3204 Chrysost.
384 3121 463 3182 orat.
495 3115 543 3179 XI
573 3138 604 3200 p.
631 3114 695 3180 205
729 3114 787 3179 Fid.
811 3115 917 3193 Dind.¹
953 3118 1008 3182 ubi
1031 3120 1115 3182 inter
1138 3140 1184 3196 aa,
1210 3139 1289 3203 quae

189 3241 350 3304 exetatioie
382 3240 580 3324 contingant,
605 3240 703 3302 etiam
729 3238 763 3303 ad
787 3245 849 3309 τοῖς
875 3240 949 3310 θεοῖς
974 3238 1171 3316 διαλέγεσθαι
1196 3241 1289 3305 refer-

182 3353 253 3438 tur,
281 3361 341 3424 hoo
371 3331 492 3424 Plotini
523 3359 618 3424 verba
647 3359 742 3424 modo
774 3362 941 3445 exscripta,
974 3359 1033 3426 hoo
1063 3364 1131 3448 ipse
1155 3362 1288 3447 denique

189 3480 356 3566 Apuleius,
390 3483 444 3564 qui
475 3483 593 3566 speeies
618 3481 750 3546 deorum
772 3483 806 3544 in
830 3483 962 3546 somniis
986 3483 1048 3546 sibi
1071 3481 1191 3548 oblatas
1215 3481 1287 3568 plus

166 3635 168 3640 ·
189 3600 297 3679 semel,
324 3599 595 3687 quemadmodum
617 3603 634 3685 ᾗ
660 3599 699 3667 17
725 3602 877 3679 vidimus,
902 3608 1140 3668 commemorat.
