3354 5262
732 1305 806 1394 §4-

265 1487 305 1554 G.
337 1489 496 1567 Bomsme,
528 1491 585 1554 ubi
614 1491 649 1552 in
679 1486 862 1552 deotissime
898 1486 936 1552 de
967 1487 1062 1551 rebus
1096 1484 1214 1551 divinis
1239 1485 1325 1570 apud

219 1609 378 1675 Romanos
417 1628 436 1673 a
466 1609 542 1674 divo
577 1609 727 1694 Augusto
762 1607 801 1670 ad
835 1609 1012 1672 Antoninos
1047 1605 1129 1671 libro
1164 1612 1197 1671 et
1231 1605 1324 1670 isidis

220 1751 349 1814 operam
385 1733 484 1795 navat
513 1729 611 1792 saeris
626 1727 660 1806 ¹),
693 1705 769 1790 oum
798 1729 861 1790 toti
890 1726 1009 1811 Apulei
1038 1729 1222 1805 narrationi,
1252 1733 1324 1793 tum

217 1849 362 1914 18881111
385 1849 424 1912 de
448 1867 535 1911 saera
559 1851 652 1910 noete
675 1844 853 1929 plurimum
877 1846 1003 1912 tribuit.
1027 1846 1072 1910 Ut
1091 1850 1200 1932 ipsum
1220 1848 1327 1913 audia-

219 1990 295 2033 mus
317 1969 543 2033 Boissierium:
1078 1951 1080 1955 ¹

267 2084 348 2164 „Ges
379 2093 464 2152 mets
495 2088 729 2173 enigmatiques
761 2094 833 2152 sont
864 2089 1020 2174 peutitre
1049 2109 1159 2154 enoore
1186 2109 1220 2154 88
1246 2087 1326 2174 qu'il

219 2229 299 2272 none
321 2228 339 2273 a
362 2208 412 2273 ete
436 2209 483 2272 dit
506 2209 544 2274 de
567 2208 640 2294 plus
672 2208 750 2275 olair
773 2230 829 2274 eur
851 2209 897 2275 188
921 2211 1089 2297 mysteres.
1115 2209 1326 2295 88188888-

217 2329 370 2413 proohant
393 2329 447 2394 des
471 2334 578 2394 autres
600 2329 823 2396 indiscretione
847 2331 911 2396 fort
934 2331 1082 2396 obscures
1103 2329 1325 2414 8881886881-

215 2451 308 2514 vains
339 2451 464 2514 anoiens
495 2455 551 2515 ont
581 2453 760 2528 commisse,
793 2472 833 2516 on
865 2456 943 2536 peut
970 2453 1133 2518 entrevoir
1155 2450 1187 2516 18
1210 2456 1324 2516 nature

216 2569 271 2634 des
300 2575 427 2647 seorets,
460 2571 557 2655 qu’on
583 2571 718 2636 reveiait
741 2593 804 2636 aux
826 2571 936 2636 initiis
960 2578 992 2636 et
1015 2571 1047 2636 18
1069 2572 1159 2657 faqon
1184 2570 1261 2637 dont
1284 2593 1323 2637 on

214 2688 261 2755 188
284 2689 354 2754 leur
377 2691 486 2755 faisait
508 2690 691 2755 eonnaitre”
706 2689 743 2770 ¹).

259 2809 335 2888 Nee,
359 2810 519 2894 quomodo
542 2810 602 2874 hoo
624 2810 746 2874 iaotum
769 2811 820 2887 811,
845 2810 999 2874 888118888
1023 2817 1156 2876 recusat.

260 2930 481 3008 „L'initiation
512 2930 590 2995 ‹itait
615 2933 775 2996 vraiment
797 2952 842 2995 un
865 2930 973 2996 drame
996 2934 1170 3018 mystique,
1195 2954 1319 2999 comme

212 3050 363 3138 l'appelle
398 3073 441 3116 un
478 3051 557 3116 Pers
587 3051 625 3117 de
655 3031 808 3138 letgiae
842 3073 879 3117 on
910 3074 935 3138 y
960 3055 1065 3138 jouait
1094 3052 1140 3119 les
1170 3040 1321 3142 legendos

215 3171 334 3237 8888888
356 3171 431 3258 plus
456 3193 568 3238 enoore
592 3172 687 3258 qu'on
710 3193 749 3238 ne
771 3171 817 3237 188
836 3172 1014 3238 racontait”
1029 3171 1064 3255 ³).

261 3293 305 3358 At
324 3290 480 3372 Glemona,
495 3315 570 3358 oum
591 3293 669 3358 811811
686 3293 755 3366 nne
772 3293 868 3356 δὲκαὶ
883 3293 958 3372 Κόρη
972 3294 1077 3374 δρᾶμα
1090 3295 1144 3371 ἤδη
1159 3295 1318 3374 ἐγενέσθην

214 3413 372 3491 μυστικόν,
392 3415 497 3480 Protr.
517 3413 548 3478 Π
566 3436 597 3499 p.
621 3413 662 3479 12
680 3413 1317 3502 1181.Ρο1.11188818188888188188888181,

213 3555 276 3598 nou
298 3533 409 3617 Isiaco,
441 3555 578 3620 eumque
609 3537 644 3598 in
676 3536 787 3619 quinto
814 3525 1016 3601 Stromateon
1038 3535 1119 3601 libro
1144 3537 1319 3624 Aegyptia

213 3675 324 3719 eorum
357 3657 589 3741 mysteriorum
619 3657 815 3719 mentionem
850 3655 936 3733 facit,
972 3656 1010 3720 de
1037 3677 1150 3721 aroana
1174 3657 1318 3723 doctrina

213 3773 327 3858 multa,
353 3774 392 3839 de
415 3777 547 3840 88881818
570 3776 911 3860 repraesentationibus
933 3775 1017 3840 nihil
1039 3777 1147 3842 refert.

256 3892 368 3978 Itaque
392 3894 567 3979 Apuleium
590 3915 647 3980 per
668 3915 701 3959 88
724 3896 832 3979 potius
856 3898 1048 3979 spectemus,
1074 3901 1169 3981 atque
1193 3917 1211 3962 a
1231 3895 1318 3963 Bois-

212 4016 306 4080 sierio
330 4016 603 4100 quemadmodum
627 4017 668 4079 sit
692 4013 891 4100 explanatus,
916 4015 1101 4081 videamus:

248 4212 272 4272 1)
290 4210 319 4260 G.
341 4210 468 4268 Bolssrsr,
491 4209 526 4258 La
549 4209 651 4273 religion
675 4208 794 4257 Romsine
817 4209 951 4273 d’Auguste
973 4227 1020 4260 aux
1039 4211 1159 4262 Antonine
1176 4217 1235 4261 tom.
1254 4211 1274 4270 Ι,
1292 4225 1317 4274 p.

215 4292 410 4344 888-42801.
428 4293 465 4342 ed.
484 4298 562 4358 quart.
581 4298 640 4342 tom.
658 4291 679 4350 I,
697 4308 722 4357 p.
740 4290 881 4343 eia-379.

248 4374 477 4436 2)Ιι8881.11888.
495 4380 553 4424 tom.
571 4374 592 4434 Ι,
610 4390 634 4438 p.
653 4374 712 4424 ale.
729 4373 766 4422 cf.
784 4375 822 4424 ed.
841 4380 919 4438 quart.
936 4380 995 4424 tom.
1013 4375 1034 4435 I,
1051 4392 1075 4440 p.
1093 4375 1150 4428 375.

249 4457 325 4518 1888
343 4457 386 4507 rel.
404 4456 474 4506 Rom
492 4463 551 4506 tom.
569 4457 590 4515 1,
608 4471 632 4520 p.
651 4455 708 4505 421.
726 4455 764 4506 cf.
781 4457 819 4506 ed.
837 4463 915 4520 quart.
933 4463 992 4506 tom.
1012 4458 1032 4517 1,
1049 4474 1073 4523 p.
1093 4459 1150 4512 376.
