3350 5264
908 459 950 525 92

382 642 456 706 άλλ’
481 677 522 692 -κ
546 641 598 706 ἐπί
620 665 655 706 τε
678 641 763 720 γένος
789 641 942 720 δυνάμεων
967 643 1061 722 ἐντῷ
1085 640 1188 722 κόσμῳ
1213 641 1470 723 μεριστῶνάκρι-

382 787 432 828 τον
462 761 667 844 άλάγιστονῙ)
697 760 710 827 ὃ
743 762 871 843 δέχεται
895 762 952 841 μέν
976 764 1031 827 άπ·
1055 763 1154 828 ἄλλον
1176 761 1268 840 λόγον
1291 765 1343 829 κοιλ
1368 789 1471 830 κοντω-

383 884 479 964 κοάει,
514 885 609 969 sissia
645 884 674 949 δέ
710 883 825 950 συνέσει
861 881 930 949 οὔτε
964 893 1079 964 χρῆτοιι
1111 883 1179 948 οὔτε
1211 885 1245 949 τὸ
1277 886 1386 960 sancte
1417 886 1470 950 καὶ

382 1004 491 1084 ψεῦδος
525 1005 541 1082 ἢ
568 1005 695 1071 δυνατὸν
718 1005 735 1081 ἢ
761 1005 908 1071 άδάυιιτον
933 1005 1084 1085 διακρίνει.
1110 1007 1143 1071 τὸ
1168 1005 1198 1070 δέ
1223 1011 1336 1071 τοιοῦτο
1359 1007 1470 1086 άάράως

383 1126 658 1206 ἐποινιιτεινομένων
689 1133 747 1192 τῶν
778 1129 911 1193 άπειλῶν
943 1131 1132 1206 συγκινεῖται
1166 1127 1216 1193 κου)
1249 1129 1470 1204 ἐκπλήττεται.

383 1247 467 1314 Tum
484 1243 634 1336 'magum
669 1271 853 1316 arcanorum
889 1253 1071 1338 cognitione
1101 1271 1261 1315 sacrorum
1292 1250 1343 1316 dai
1370 1253 1471 1315 instar

382 1369 588 1436 daemonibus
610 1373 811 1456 imperitare,
843 1370 895 1449 VI,
929 1371 967 1436 6:
992 1371 1005 1435 ά
1030 1371 1165 1452 θεουρνὸς
1192 1371 1241 1436 διά
1265 1372 1318 1446 τέρν
1341 1371 1470 1460 δύναμιν

382 1497 439 1556 τῶν
471 1493 642 1573 άπορῥιὶτων
671 1493 770 1557 οὐκέτι
803 1495 839 1566 ὥς
866 1491 1015 1572 άνάρωπις
1040 1493 1101 1559 οὐδ’
1124 1495 1161 1565 ὥς
1187 1481 1354 1575 άνέρωπένρρ
1378 1499 1468 1575 ψυχῇ

381 1615 533 1694 χρώμενος
568 1612 727 1678 ἐπιτάττει
760 1621 822 1686 τοῖς
854 1621 1020 1692 κοσμικοῑς,
1044 1614 1117 1678 άλλ’
1142 1613 1178 1686 ὡς
1204 1615 1233 1677 ἐν
1257 1623 1294 1694 τῇ
1319 1616 1376 1678 τῶν
1399 1616 1470 1679 θεῶν

380 1733 468 1811 τάξει
496 1734 703 1814 προϋπάρχον
734 1733 851 1815 μείζοσι
882 1743 936 1810 τῆς
961 1735 1029 1798 κου’
1055 1734 1160 1798 ἑαυτὸν
1184 1735 1288 1804 stoice
1313 1734 1471 1799 ἐπονοτά-

381 1878 446 1919 σεσι
469 1865 595 1936 χρῆται.
619 1857 678 1935 οὐχ
702 1857 739 1926 ὥς
765 1855 894 1929 ποιήσων
918 1856 1023 1919 πάντα
1047 1853 1126 1936 άπερ
1145 1854 1373 1936 διισχυριζετιιι,
1394 1854 1468 1920 άλλ’

382 1976 412 2040 ἐν
444 1985 480 2058 τῇ
515 1974 641 2057 soreos„
671 1982 729 2040 τῶν
761 1974 861 2054 λόγων
893 1976 1001 2056 χρήσει
1024 1975 1170 2042 διδάσκων
1194 1975 1263 2052 ione
1288 1977 1339 2041 nai
1364 1976 1470 2052 ἡλίκην

383 2096 433 2160 xci
469 2097 538 2161 riva
570 2093 636 2176 ἔχει
668 2099 723 2171 τέρν
755 2096 882 2174 δύναμιν
913 2096 962 2161 διά
994 2099 1047 2173 sto
1078 2099 1149 2177 πρὸς
1180 2098 1260 2172 θεοὺς
1294 2093 1405 2174 ἐνωσιν,
1437 2087 1470 2169 ἢν

382 2216 539 2298 πιιρέσχεν
577 2219 659 2300 αὐτῷ
698 2225 755 2283 τῶν
792 2218 963 2301 scotticae
1003 2220 1168 2298 συμβόλων
1210 2221 1226 2294 ἡ
1260 2226 1380 2297 γνῶσις.
1423 2217 1470 2283 Do

381 2340 557 2421 άπορριὶσοις
582 2340 668 2404 hisce
692 2338 859 2417 συμβάλιισ
885 2342 952 2405 sive
975 2339 1143 2416 συνθήμασι
1162 2339 1235 2405 vide
1258 2359 1338 2424 quae
1358 2338 1397 2403 ad
1415 2337 1469 2415 VI,

383 2460 402 2524 5
433 2459 600 2525 adnotavit
623 2457 713 2539 Galo,
737 2463 790 2525 cui
813 2464 977 2548 egregiam
1000 2461 1075 2526 libri
1100 2463 1239 2548 egregiis
1262 2461 1471 2526 adnotationi-

380 2581 439 2646 bus
470 2583 659 2646 instructam
692 2582 845 2648 debemus
876 2583 1066 2648 editionem:
1100 2582 1221 2660 „Erant
1251 2588 1360 2648 autem
1386 2599 1471 2668 sym-

380 2702 454 2769 bola
473 2703 548 2768 haec
572 2704 678 2782 verba,
703 2704 897 2770 characteres
921 2706 955 2782 (i.
982 2726 1008 2769 e.
1032 2709 1149 2784 notae),
1174 2705 1322 2780 carmina,
1346 2703 1469 2779 herbae,

381 2824 558 2902 animalia,¹
575 2832 680 2892 vestes
711 2829 824 2912 pictae,
857 2827 972 2911 quibus
1004 2826 1179 2891 secerdotes
1202 2827 1351 2890 instructi
1373 2823 1471 2910 longo

381 2967 443 3012 usu
467 2946 739 3032 deprehenderunt
762 2948 954 3013 daemonnm
972 2951 1200 3013 commercium
1219 2948 1384 3025 bonorum,
1405 2967 1471 3011 mo-

381 3066 489 3131 lorum
519 3068 632 3154 fugam
661 3090 750 3154 posse
780 3068 973 3154 procurari'’.
1009 3068 1093 3133 Hinc
1115 3070 1229 3153 papyri
1251 3070 1378 3154 magici,
1403 3069 1471 3152 qui-

382 3187 441 3252 bus
460 3188 668 3254 Abammonis
687 3189 769 3254 liber
786 3210 904 3276 magna
923 3211 962 3254 ex
978 3189 1067 3274 parte
1082 3187 1271 3266 illustratur,
1288 3188 1470 3253 nominibus

382 3313 503 3374 scatent
526 3330 562 3376 ac
584 3312 685 3396 signis
708 3332 787 3396 quae
811 3310 900 3376 nullo
923 3311 1017 3376 modo
1040 3309 1182 3397 intelligi
1204 3315 1345 3396 possunt.
1381 3309 1471 3374 Scili-

381 3435 440 3508 cet,
472 3434 509 3494 ut
539 3430 719 3496 Abammon
751 3432 906 3508 observat,
935 3429 1003 3509 VII,
1030 3430 1068 3496 4:
1094 3429 1145 3494 κιά
1170 3429 1205 3505 δὴ
1231 3429 1289 3495 κάν
1312 3430 1469 3509 άρνωστσς

382 3552 453 3628 ἡμῖν
485 3547 612 3632 ὑπάρχρ
641 3556 696 3632 (so.
728 3551 922 3639 symbolicus
946 3554 1114 3617 nominum
1138 3573 1324 3618 arcanorum
1347 3557 1471 3632 sensus)

381 3671 458 3736 οὐτὸ
489 3671 580 3736 τοῦτό
610 3673 691 3737 ἐστιν
722 3674 816 3738 αὐτοῦ
849 3675 883 3739 τὸ
908 3674 1113 3751 σεμνάτωτον·
1139 3675 1278 3755 κρείττων
1301 3673 1363 3753 γάρ
1387 3675 1469 3737 ἐστιν

382 3791 398 3867 ἢ
431 3789 507 3858 ὥστε
540 3793 716 3874 διωιρεῖσάοιι
753 3796 794 3867 εἷς
830 3801 950 3873 γνῶσιν,
986 3795 1025 3860 cf.
1055 3793 1096 3878 II,
1130 3794 1189 3859 ll:
1232 3797 1248 3872 ἦ
1284 3800 1341 3858 τῶν
1376 3791 1470 3872 ἔργων

381 3919 438 3977 τῶν
462 3913 592 3995 sitiriano
620 3914 672 3980 κω)
701 3915 774 3995 ὑπὲρ
799 3919 907 3980 πάτον
934 3915 1029 3991 νάιρσιν
1058 3917 1225 3994 θεοπρεπῶς
1253 3915 1468 3996 ἐνεργουμένων

380 4036 592 4114 τελεσιουργέιι
628 4034 646 4111 ἐρ’
680 4059 715 4102 τε
746 4043 803 4103 τῶν
835 4038 994 4117 νοουμένων
1025 4045 1086 4108 τοῖς
1117 4039 1192 4109 trois
1223 4036 1321 4113 μάνοιο
1353 4035 1471 4116 συμβά·

415 4356 438 4416 1)
456 4354 489 4403 Hi
506 4355 634 4406 daemones
651 4363 676 4406 et
691 4355 772 4406 ’ἐνυλοι
790 4364 912 4414 vocentur,
930 4355 959 4404 de
977 4353 1064 4419 quibus
1081 4354 1106 4403 in
1123 4358 1135 4417 t
1152 4356 1184 4404 14
1200 4371 1223 4420 p.
1243 4356 1274 4404 58
1291 4360 1316 4404 et
1332 4353 1362 4406 71
1377 4353 1468 4404 montio

380 4443 416 4487 eet
432 4439 505 4488 facta.
