<?xml version="1.0" encoding="UTF-8"?>
<!DOCTYPE html PUBLIC "-//W3C//DTD XHTML 1.0 Transitional//EN"
    "http://www.w3.org/TR/xhtml1/DTD/xhtml1-transitional.dtd">
<html xmlns="http://www.w3.org/1999/xhtml" xml:lang="en" lang="en">
 <head>
  <title>
</title>
<meta http-equiv="Content-Type" content="text/html;charset=utf-8" />
  <meta name='ocr-system' content='tesseract 3.04.00' />
  <meta name='ocr-capabilities' content='ocr_page ocr_carea ocr_par ocr_line ocrx_word'/>
</head>
<body>
  <div class='ocr_page' id='page_1' title='image "./deapuleioisiaco00jonggoog_0081.png"; bbox 0 0 3354 5262; ppageno 0'>
   <div class='ocr_carea' id='block_1_1' title="bbox 915 513 957 579">
    <p class='ocr_par' dir='ltr' id='par_1_1' title="bbox 915 513 957 579">
     <span class='ocr_line' id='line_1_1' title="bbox 915 513 957 579; baseline 0 0"><span class='ocrx_word' id='word_1_1' title='bbox 915 513 957 579; x_wconf 88' lang='lat'><strong>66</strong></span> 
     </span>
    </p>
   </div>
   <div class='ocr_carea' id='block_1_2' title="bbox 389 695 1486 1638">
    <p class='ocr_par' dir='ltr' id='par_1_2' title="bbox 389 695 1486 1638">
     <span class='ocr_line' id='line_1_2' title="bbox 389 695 1482 784; baseline -0.002 -22"><span class='ocrx_word' id='word_1_2' title='bbox 389 697 477 763; x_wconf 91' lang='lat' dir='ltr'><strong>Plut.</strong></span> <span class='ocrx_word' id='word_1_3' title='bbox 501 698 575 784; x_wconf 83' lang='lat' dir='ltr'><strong>Frg.</strong></span> <span class='ocrx_word' id='word_1_4' title='bbox 601 697 639 763; x_wconf 86' lang='lat' dir='ltr'><strong>de</strong></span> <span class='ocrx_word' id='word_1_5' title='bbox 662 719 712 763; x_wconf 81' lang='lat' dir='ltr'><strong>an.</strong></span> <span class='ocrx_word' id='word_1_6' title='bbox 733 696 771 761; x_wconf 78' lang='lat'><strong>2:</strong></span> <span class='ocrx_word' id='word_1_7' title='bbox 801 697 857 776; x_wconf 83' lang='grc' dir='ltr'><strong>πρδ</strong></span> <span class='ocrx_word' id='word_1_8' title='bbox 880 700 933 760; x_wconf 82' lang='grc' dir='ltr'><strong><em>τοῦ</em></strong></span> <span class='ocrx_word' id='word_1_9' title='bbox 955 695 1060 768; x_wconf 82' lang='grc' dir='ltr'><strong><em>τέλους</em></strong></span> <span class='ocrx_word' id='word_1_10' title='bbox 1083 698 1177 761; x_wconf 83' lang='grc' dir='ltr'><strong><em>κύτοῡ</em></strong></span> <span class='ocrx_word' id='word_1_11' title='bbox 1199 697 1240 760; x_wconf 76' lang='grc' dir='ltr'><strong><em>τὰ</em></strong></span> <span class='ocrx_word' id='word_1_12' title='bbox 1262 695 1344 760; x_wconf 77' lang='grc' dir='ltr'><strong><em>δεινοί</em></strong></span> <span class='ocrx_word' id='word_1_13' title='bbox 1364 696 1482 776; x_wconf 83' lang='grc' dir='ltr'><strong><em>πνίντω,</em></strong></span> 
     </span>
     <span class='ocr_line' id='line_1_3' title="bbox 391 817 1482 902; baseline -0.001 -17"><span class='ocrx_word' id='word_1_14' title='bbox 391 822 482 901; x_wconf 75' lang='grc' dir='ltr'><strong><em>φρίκη</em></strong></span> <span class='ocrx_word' id='word_1_15' title='bbox 508 822 559 885; x_wconf 81' lang='grc' dir='ltr'><strong>κοί</strong></span> <span class='ocrx_word' id='word_1_16' title='bbox 585 819 692 899; x_wconf 85' lang='grc' dir='ltr'><strong><em>τρίμος</em></strong></span> <span class='ocrx_word' id='word_1_17' title='bbox 717 818 768 882; x_wconf 82' lang='grc' dir='ltr'><strong>κοί</strong></span> <span class='ocrx_word' id='word_1_18' title='bbox 794 818 876 896; x_wconf 81' lang='grc' dir='ltr'><strong><em>ίδρὼς</em></strong></span> <span class='ocrx_word' id='word_1_19' title='bbox 902 817 952 881; x_wconf 77' lang='lat' dir='ltr'><strong>nal</strong></span> <span class='ocrx_word' id='word_1_20' title='bbox 979 817 1110 896; x_wconf 85' lang='grc' dir='ltr'><strong><em>ίοίμβος,</em></strong></span> <span class='ocrx_word' id='word_1_21' title='bbox 1143 817 1190 882; x_wconf 93' lang='lat' dir='ltr'><strong>De</strong></span> <span class='ocrx_word' id='word_1_22' title='bbox 1214 817 1293 902; x_wconf 89' lang='lat' dir='ltr'><strong>prof.</strong></span> <span class='ocrx_word' id='word_1_23' title='bbox 1317 820 1393 883; x_wconf 84' lang='lat' dir='ltr'><strong>virt.</strong></span> <span class='ocrx_word' id='word_1_24' title='bbox 1421 818 1482 884; x_wconf 87' lang='lat'><strong>10:</strong></span> 
     </span>
     <span class='ocr_line' id='line_1_4' title="bbox 390 939 1483 1021; baseline -0.004 -13"><span class='ocrx_word' id='word_1_25' title='bbox 390 944 415 1008; x_wconf 87' lang='grc' dir='ltr'><strong>οί</strong></span> <span class='ocrx_word' id='word_1_26' title='bbox 452 942 626 1019; x_wconf 76' lang='grc' dir='ltr'><strong><em>τελούμενοι</em></strong></span> <span class='ocrx_word' id='word_1_27' title='bbox 662 979 704 991; x_wconf 88' lang='grc'>-</span> <span class='ocrx_word' id='word_1_28' title='bbox 739 939 890 1021; x_wconf 79' lang='grc' dir='ltr'><em>δρωμένων</em></span> <span class='ocrx_word' id='word_1_29' title='bbox 925 940 956 1004; x_wconf 85' lang='grc' dir='ltr'><strong>δέ</strong></span> <span class='ocrx_word' id='word_1_30' title='bbox 990 941 1040 1005; x_wconf 85' lang='grc' dir='ltr'><strong><em>κοιί</em></strong></span> <span class='ocrx_word' id='word_1_31' title='bbox 1074 939 1268 1018; x_wconf 73' lang='grc' dir='ltr'><strong>δεικνυμένων</strong></span> <span class='ocrx_word' id='word_1_32' title='bbox 1299 941 1357 1004; x_wconf 80' lang='grc' dir='ltr'><strong><em>τῶν</em></strong></span> <span class='ocrx_word' id='word_1_33' title='bbox 1390 940 1483 1020; x_wconf 80' lang='grc' dir='ltr'><strong><em>ίερῶν,</em></strong></span> 
     </span>
     <span class='ocr_line' id='line_1_5' title="bbox 391 1062 1482 1146; baseline -0.003 -18"><span class='ocrx_word' id='word_1_34' title='bbox 391 1065 590 1146; x_wconf 78' lang='grc' dir='ltr'><strong><em>προσέχουσιν</em></strong></span> <span class='ocrx_word' id='word_1_35' title='bbox 621 1062 674 1139; x_wconf 75' lang='grc' dir='ltr'><strong>ἤδη</strong></span> <span class='ocrx_word' id='word_1_36' title='bbox 707 1064 790 1139; x_wconf 71' lang='grc' dir='ltr'><strong><em>μετὰ</em></strong></span> <span class='ocrx_word' id='word_1_37' title='bbox 819 1062 921 1141; x_wconf 80' lang='grc' dir='ltr'><strong><em>Φοίβου</em></strong></span> <span class='ocrx_word' id='word_1_38' title='bbox 954 1067 1006 1127; x_wconf 74' lang='lat' dir='ltr'><strong>nal</strong></span> <span class='ocrx_word' id='word_1_39' title='bbox 1039 1071 1164 1140; x_wconf 75' lang='grc' dir='ltr'><strong><em>σιωπῆς,</em></strong></span> <span class='ocrx_word' id='word_1_40' title='bbox 1197 1062 1244 1128; x_wconf 91' lang='lat' dir='ltr'><strong>De</strong></span> <span class='ocrx_word' id='word_1_41' title='bbox 1274 1063 1333 1127; x_wconf 86' lang='lat' dir='ltr'><strong>fac.</strong></span> <span class='ocrx_word' id='word_1_42' title='bbox 1358 1065 1391 1126; x_wconf 94' lang='lat' dir='ltr'><strong>in</strong></span> <span class='ocrx_word' id='word_1_43' title='bbox 1416 1062 1482 1127; x_wconf 86' lang='lat' dir='ltr'><strong>orb.</strong></span> 
     </span>
     <span class='ocr_line' id='line_1_6' title="bbox 389 1181 1482 1266; baseline -0.005 -16"><span class='ocrx_word' id='word_1_44' title='bbox 389 1185 456 1250; x_wconf 91' lang='lat' dir='ltr'><strong>lun.</strong></span> <span class='ocrx_word' id='word_1_45' title='bbox 482 1185 542 1251; x_wconf 83' lang='lat'><strong>28:</strong></span> <span class='ocrx_word' id='word_1_46' title='bbox 575 1181 639 1250; x_wconf 83' lang='grc' dir='ltr'><strong><em>οίοιν</em></strong></span> <span class='ocrx_word' id='word_1_47' title='bbox 662 1190 718 1266; x_wconf 83' lang='lat' dir='ltr'><strong>(sc.</strong></span> <span class='ocrx_word' id='word_1_48' title='bbox 742 1184 859 1264; x_wconf 72' lang='grc' dir='ltr'><strong><em>χοιρίον)</em></strong></span> <span class='ocrx_word' id='word_1_49' title='bbox 883 1185 908 1248; x_wconf 87' lang='grc' dir='ltr'><strong>οί</strong></span> <span class='ocrx_word' id='word_1_50' title='bbox 932 1183 1106 1259; x_wconf 79' lang='grc' dir='ltr'><strong><em>τελούμενοι</em></strong></span> <span class='ocrx_word' id='word_1_51' title='bbox 1128 1183 1272 1258; x_wconf 84' lang='grc' dir='ltr'><strong><em>μοίλιστω</em></strong></span> <span class='ocrx_word' id='word_1_52' title='bbox 1294 1183 1406 1262; x_wconf 76' lang='grc' dir='ltr'><strong><em>θορύβῳ</em></strong></span> <span class='ocrx_word' id='word_1_53' title='bbox 1430 1183 1482 1247; x_wconf 84' lang='grc' dir='ltr'><strong><em>κοοί</em></strong></span> 
     </span>
     <span class='ocr_line' id='line_1_7' title="bbox 393 1304 1486 1392; baseline -0.002 -20"><span class='ocrx_word' id='word_1_54' title='bbox 393 1312 519 1384; x_wconf 74' lang='grc' dir='ltr'><strong><em>πτοήσει</em></strong></span> <span class='ocrx_word' id='word_1_55' title='bbox 543 1306 793 1385; x_wconf 72' lang='grc' dir='ltr'><strong><em>συγκεκραμένην</em></strong></span> <span class='ocrx_word' id='word_1_56' title='bbox 815 1309 886 1383; x_wconf 82' lang='grc' dir='ltr'><strong><em>μετ’</em></strong></span> <span class='ocrx_word' id='word_1_57' title='bbox 907 1306 1027 1377; x_wconf 77' lang='grc' dir='ltr'><strong><em>ἐλπίδος</em></strong></span> <span class='ocrx_word' id='word_1_58' title='bbox 1049 1306 1151 1380; x_wconf 74' lang='grc' dir='ltr'><strong><em>ἡδείας</em></strong></span> <span class='ocrx_word' id='word_1_59' title='bbox 1172 1304 1288 1387; x_wconf 84' lang='grc' dir='ltr'><strong><em>έχουσι,</em></strong></span> <span class='ocrx_word' id='word_1_60' title='bbox 1306 1308 1409 1392; x_wconf 88' lang='lat' dir='ltr'><strong>iisque</strong></span> <span class='ocrx_word' id='word_1_61' title='bbox 1429 1309 1486 1392; x_wconf 92' lang='lat' dir='ltr'><strong>qui</strong></span> 
     </span>
     <span class='ocr_line' id='line_1_8' title="bbox 392 1427 1484 1514; baseline -0.003 -19"><span class='ocrx_word' id='word_1_62' title='bbox 392 1429 497 1496; x_wconf 85' lang='lat' dir='ltr'><strong>teletis</strong></span> <span class='ocrx_word' id='word_1_63' title='bbox 529 1432 648 1494; x_wconf 88' lang='lat' dir='ltr'><strong>muniti</strong></span> <span class='ocrx_word' id='word_1_64' title='bbox 678 1451 742 1494; x_wconf 91' lang='lat' dir='ltr'><strong>non</strong></span> <span class='ocrx_word' id='word_1_65' title='bbox 772 1433 885 1505; x_wconf 78' lang='lat' dir='ltr'><strong>essent,</strong></span> <span class='ocrx_word' id='word_1_66' title='bbox 917 1449 1045 1514; x_wconf 84' lang='lat' dir='ltr'><strong>prorsus</strong></span> <span class='ocrx_word' id='word_1_67' title='bbox 1076 1431 1271 1514; x_wconf 88' lang='lat' dir='ltr'><strong>perniciosus</strong></span> <span class='ocrx_word' id='word_1_68' title='bbox 1295 1427 1484 1512; x_wconf 79' lang='lat' dir='ltr'><strong>habebatur,</strong></span> 
     </span>
     <span class='ocr_line' id='line_1_9' title="bbox 395 1549 1484 1638; baseline -0.004 -22"><span class='ocrx_word' id='word_1_69' title='bbox 395 1552 517 1618; x_wconf 89' lang='lat' dir='ltr'><strong>Aelian.</strong></span> <span class='ocrx_word' id='word_1_70' title='bbox 549 1552 623 1638; x_wconf 75' lang='lat' dir='ltr'><strong>urg.</strong></span> <span class='ocrx_word' id='word_1_71' title='bbox 658 1551 732 1628; x_wconf 85' lang='lat'><strong>143,</strong></span> <span class='ocrx_word' id='word_1_72' title='bbox 763 1551 822 1616; x_wconf 76' lang='lat' dir='ltr'><strong>ad.</strong></span> <span class='ocrx_word' id='word_1_73' title='bbox 855 1551 1024 1616; x_wconf 88' lang='lat' dir='ltr'><strong>Hercher.:</strong></span> <span class='ocrx_word' id='word_1_74' title='bbox 1068 1553 1157 1630; x_wconf 80' lang='grc' dir='ltr'><strong><em>Ἀνίρρ</em></strong></span> <span class='ocrx_word' id='word_1_75' title='bbox 1188 1552 1295 1633; x_wconf 81' lang='grc' dir='ltr'><strong><em>λίχνοι</em></strong></span> <span class='ocrx_word' id='word_1_76' title='bbox 1318 1549 1408 1627; x_wconf 80' lang='grc' dir='ltr'><strong><em>ύμμοο</em></strong></span> <span class='ocrx_word' id='word_1_77' title='bbox 1433 1550 1484 1614; x_wconf 75' lang='grc' dir='ltr'><strong>καί</strong></span> 
     </span>
    </p>
   </div>
   <div class='ocr_carea' id='block_1_3' title="bbox 395 1669 1486 1756">
    <p class='ocr_par' dir='ltr' id='par_1_3' title="bbox 395 1669 1486 1756">
     <span class='ocr_line' id='line_1_10' title="bbox 395 1669 1486 1756; baseline -0.002 -18"><span class='ocrx_word' id='word_1_78' title='bbox 395 1675 529 1752; x_wconf 77' lang='grc' dir='ltr'><strong><em>οίσελγές</em></strong></span> <span class='ocrx_word' id='word_1_79' title='bbox 562 1675 686 1738; x_wconf 84' lang='grc' dir='ltr'><strong><em>πιπίνων</em></strong></span> <span class='ocrx_word' id='word_1_80' title='bbox 719 1683 796 1754; x_wconf 77' lang='grc' dir='ltr'><strong><em>κμκρῑ</em></strong></span> <span class='ocrx_word' id='word_1_81' title='bbox 831 1674 986 1751; x_wconf 81' lang='grc' dir='ltr'><strong><em>ἓστιοίσει,</em></strong></span> <span class='ocrx_word' id='word_1_82' title='bbox 1010 1674 1052 1738; x_wconf 77' lang='grc' dir='ltr'><strong><em>τίς</em></strong></span> <span class='ocrx_word' id='word_1_83' title='bbox 1075 1682 1130 1749; x_wconf 73' lang='grc' dir='ltr'><strong><em>τῆς</em></strong></span> <span class='ocrx_word' id='word_1_84' title='bbox 1156 1675 1372 1756; x_wconf 73' lang='grc' dir='ltr'><strong><em>Φείρεφοίττιρς</em></strong></span> <span class='ocrx_word' id='word_1_85' title='bbox 1397 1669 1486 1752; x_wconf 77' lang='grc' dir='ltr'><strong><em>ύργιοο</em></strong></span> 
     </span>
    </p>
   </div>
   <div class='ocr_carea' id='block_1_4' title="bbox 396 1794 1487 1877">
    <p class='ocr_par' dir='ltr' id='par_1_4' title="bbox 396 1794 1487 1877">
     <span class='ocr_line' id='line_1_11' title="bbox 396 1794 1487 1877; baseline -0.002 -17"><span class='ocrx_word' id='word_1_86' title='bbox 396 1796 520 1874; x_wconf 73' lang='grc' dir='ltr'><strong><em>ἐδίψησε</em></strong></span> <span class='ocrx_word' id='word_1_87' title='bbox 556 1795 735 1873; x_wconf 84' lang='grc' dir='ltr'><strong><em>ύειίσοισύωι,</em></strong></span> <span class='ocrx_word' id='word_1_88' title='bbox 772 1796 938 1866; x_wconf 83' lang='grc' dir='ltr'><strong><em>νίτέλεστος</em></strong></span> <span class='ocrx_word' id='word_1_89' title='bbox 974 1794 1020 1877; x_wconf 85' lang='grc' dir='ltr'><strong>ὤν,</strong></span> <span class='ocrx_word' id='word_1_90' title='bbox 1057 1794 1109 1858; x_wconf 80' lang='grc' dir='ltr'><strong><em>κυσί</em></strong></span> <span class='ocrx_word' id='word_1_91' title='bbox 1145 1795 1185 1858; x_wconf 78' lang='grc' dir='ltr'><strong><em>τοί</em></strong></span> <span class='ocrx_word' id='word_1_92' title='bbox 1222 1796 1278 1872; x_wconf 82' lang='grc' dir='ltr'><strong><em>μέν</em></strong></span> <span class='ocrx_word' id='word_1_93' title='bbox 1312 1801 1418 1874; x_wconf 78' lang='grc' dir='ltr'><strong><em>πρῶτον</em></strong></span> <span class='ocrx_word' id='word_1_94' title='bbox 1452 1795 1487 1858; x_wconf 81' lang='grc' dir='ltr'><strong>σοί</strong></span> 
     </span>
    </p>
   </div>
   <div class='ocr_carea' id='block_1_5' title="bbox 334 1916 1494 4172">
    <p class='ocr_par' dir='ltr' id='par_1_5' title="bbox 396 1916 1493 3100">
     <span class='ocr_line' id='line_1_12' title="bbox 396 1916 1487 1999; baseline 0 -17"><span class='ocrx_word' id='word_1_95' title='bbox 396 1918 499 1996; x_wconf 85' lang='grc' dir='ltr'><strong><em>ίέρειοιι</em></strong></span> <span class='ocrx_word' id='word_1_96' title='bbox 534 1919 688 1998; x_wconf 77' lang='grc' dir='ltr'><strong><em>ἐπειρῶντο</em></strong></span> <span class='ocrx_word' id='word_1_97' title='bbox 724 1917 815 1982; x_wconf 74' lang='grc' dir='ltr'><strong><em>αὑτὸν</em></strong></span> <span class='ocrx_word' id='word_1_98' title='bbox 851 1916 993 1999; x_wconf 83' lang='grc' dir='ltr'><strong><em>πρωύνειν</em></strong></span> <span class='ocrx_word' id='word_1_99' title='bbox 1027 1917 1078 1981; x_wconf 76' lang='grc' dir='ltr'><strong>καί</strong></span> <span class='ocrx_word' id='word_1_100' title='bbox 1114 1916 1257 1996; x_wconf 72' lang='grc' dir='ltr'><strong><em>ἀντέχειν</em></strong></span> <span class='ocrx_word' id='word_1_101' title='bbox 1292 1923 1346 1990; x_wconf 74' lang='grc' dir='ltr'><strong><em>τῆς</em></strong></span> <span class='ocrx_word' id='word_1_102' title='bbox 1382 1917 1487 1994; x_wconf 75' lang='grc' dir='ltr'><strong><em>ὁρμῆς.</em></strong></span> 
     </span>
     <span class='ocr_line' id='line_1_13' title="bbox 396 2038 1490 2119; baseline 0 -16"><span class='ocrx_word' id='word_1_103' title='bbox 396 2039 507 2117; x_wconf 73' lang='grc' dir='ltr'><strong><em>βιαίως</em></strong></span> <span class='ocrx_word' id='word_1_104' title='bbox 537 2041 567 2104; x_wconf 76' lang='grc' dir='ltr'><strong>δέ</strong></span> <span class='ocrx_word' id='word_1_105' title='bbox 600 2038 651 2102; x_wconf 80' lang='grc' dir='ltr'><strong><em>κμί</em></strong></span> <span class='ocrx_word' id='word_1_106' title='bbox 683 2039 843 2117; x_wconf 76' lang='grc' dir='ltr'><strong><em>οίτέγκτως</em></strong></span> <span class='ocrx_word' id='word_1_107' title='bbox 874 2038 1118 2119; x_wconf 66' lang='grc' dir='ltr'><strong><em>διοικειμένουί),</em></strong></span> <span class='ocrx_word' id='word_1_108' title='bbox 1150 2041 1207 2102; x_wconf 77' lang='grc' dir='ltr'><strong><em>τῶν</em></strong></span> <span class='ocrx_word' id='word_1_109' title='bbox 1237 2038 1293 2115; x_wconf 82' lang='grc' dir='ltr'><strong><em>μὲν</em></strong></span> <span class='ocrx_word' id='word_1_110' title='bbox 1316 2039 1490 2119; x_wconf 74' lang='grc' dir='ltr'><strong><em>οίπορῥήτων</em></strong></span> 
     </span>
     <span class='ocr_line' id='line_1_14' title="bbox 399 2151 1489 2238; baseline 0 -14"><span class='ocrx_word' id='word_1_111' title='bbox 399 2160 450 2224; x_wconf 85' lang='grc' dir='ltr'><strong><em>κοιί</em></strong></span> <span class='ocrx_word' id='word_1_112' title='bbox 475 2151 497 2225; x_wconf 73' lang='grc' dir='ltr'>ἃ</span> <span class='ocrx_word' id='word_1_113' title='bbox 528 2162 572 2235; x_wconf 71' lang='grc' dir='ltr'><strong><em>μέν</em></strong></span> <span class='ocrx_word' id='word_1_114' title='bbox 604 2159 676 2225; x_wconf 84' lang='grc' dir='ltr'><strong><em>ίδεῖν</em></strong></span> <span class='ocrx_word' id='word_1_115' title='bbox 707 2163 779 2238; x_wconf 75' lang='grc' dir='ltr'><strong><em>λῷον</em></strong></span> <span class='ocrx_word' id='word_1_116' title='bbox 811 2156 854 2238; x_wconf 77' lang='grc' dir='ltr'><strong>ἦν,</strong></span> <span class='ocrx_word' id='word_1_117' title='bbox 886 2161 998 2224; x_wconf 89' lang='grc' dir='ltr'><strong><em>τούτων</em></strong></span> <span class='ocrx_word' id='word_1_118' title='bbox 1028 2161 1080 2224; x_wconf 83' lang='grc' dir='ltr'><strong>οὐκ</strong></span> <span class='ocrx_word' id='word_1_119' title='bbox 1111 2158 1275 2223; x_wconf 82' lang='grc' dir='ltr'><strong><em>ἐκοινώνουν</em></strong></span> <span class='ocrx_word' id='word_1_120' title='bbox 1307 2159 1349 2222; x_wconf 85' lang='grc' dir='ltr'><strong>σί·</strong></span> <span class='ocrx_word' id='word_1_121' title='bbox 1376 2166 1431 2223; x_wconf 77' lang='grc' dir='ltr'><strong><em>τῶν</em></strong></span> <span class='ocrx_word' id='word_1_122' title='bbox 1456 2160 1489 2224; x_wconf 81' lang='grc' dir='ltr'><strong>δέ</strong></span> 
     </span>
     <span class='ocr_line' id='line_1_15' title="bbox 399 2279 1490 2375; baseline -0.001 -27"><span class='ocrx_word' id='word_1_123' title='bbox 399 2281 559 2375; x_wconf 58' lang='grc' dir='ltr'><strong><em>πρύτυνέ)</em></strong></span> <span class='ocrx_word' id='word_1_124' title='bbox 591 2283 641 2346; x_wconf 86' lang='grc' dir='ltr'><strong>κωί</strong></span> <span class='ocrx_word' id='word_1_125' title='bbox 668 2281 702 2360; x_wconf 78' lang='grc' dir='ltr'><strong>ἐξ</strong></span> <span class='ocrx_word' id='word_1_126' title='bbox 724 2279 761 2347; x_wconf 81' lang='grc' dir='ltr'><strong>ὦν</strong></span> <span class='ocrx_word' id='word_1_127' title='bbox 785 2280 853 2346; x_wconf 86' lang='grc' dir='ltr'><strong><em>ούτε</em></strong></span> <span class='ocrx_word' id='word_1_128' title='bbox 878 2290 939 2353; x_wconf 80' lang='grc' dir='ltr'><strong><em>τοῖς</em></strong></span> <span class='ocrx_word' id='word_1_129' title='bbox 966 2282 1161 2356; x_wconf 80' lang='grc' dir='ltr'><strong><em>ύεκσωμίνυις</em></strong></span> <span class='ocrx_word' id='word_1_130' title='bbox 1182 2282 1251 2347; x_wconf 86' lang='grc' dir='ltr'><strong><em>ούτε</em></strong></span> <span class='ocrx_word' id='word_1_131' title='bbox 1272 2289 1334 2352; x_wconf 82' lang='grc' dir='ltr'><strong><em>τοῖς</em></strong></span> <span class='ocrx_word' id='word_1_132' title='bbox 1356 2280 1490 2360; x_wconf 76' lang='grc' dir='ltr'><strong><em>δείξωσιν</em></strong></span> 
     </span>
     <span class='ocr_line' id='line_1_16' title="bbox 399 2402 1490 2486; baseline -0.003 -17"><span class='ocrx_word' id='word_1_133' title='bbox 399 2403 512 2480; x_wconf 82' lang='grc' dir='ltr'><strong><em>ἔμελλέ</em></strong></span> <span class='ocrx_word' id='word_1_134' title='bbox 543 2428 572 2468; x_wconf 88' lang='grc' dir='ltr'><strong><em>τι</em></strong></span> <span class='ocrx_word' id='word_1_135' title='bbox 605 2403 836 2476; x_wconf 78' lang='grc' dir='ltr'><strong><em>οίπωντύσεσίκι</em></strong></span> <span class='ocrx_word' id='word_1_136' title='bbox 860 2402 961 2478; x_wconf 87' lang='grc' dir='ltr'><strong><em>δεινύν,</em></strong></span> <span class='ocrx_word' id='word_1_137' title='bbox 987 2402 1136 2482; x_wconf 81' lang='grc' dir='ltr'><strong><em>πυρείχύν</em></strong></span> <span class='ocrx_word' id='word_1_138' title='bbox 1158 2403 1184 2468; x_wconf 83' lang='grc' dir='ltr'><strong>οἱ</strong></span> <span class='ocrx_word' id='word_1_139' title='bbox 1209 2402 1339 2480; x_wconf 83' lang='grc' dir='ltr'><strong><em>βλέπειν</em></strong></span> <span class='ocrx_word' id='word_1_140' title='bbox 1363 2407 1490 2486; x_wconf 60' lang='lat' dir='ltr'><strong>rafim</strong></span> 
     </span>
     <span class='ocr_line' id='line_1_17' title="bbox 398 2523 1493 2612; baseline 0 -22"><span class='ocrx_word' id='word_1_141' title='bbox 398 2527 543 2612; x_wconf 86' lang='lat' dir='ltr'><strong>quodque</strong></span> <span class='ocrx_word' id='word_1_142' title='bbox 575 2525 707 2590; x_wconf 85' lang='lat' dir='ltr'><strong>deorum</strong></span> <span class='ocrx_word' id='word_1_143' title='bbox 738 2527 866 2589; x_wconf 88' lang='lat' dir='ltr'><strong>nomina</strong></span> <span class='ocrx_word' id='word_1_144' title='bbox 889 2545 1000 2590; x_wconf 86' lang='lat' dir='ltr'><strong>arcana</strong></span> <span class='ocrx_word' id='word_1_145' title='bbox 1023 2523 1149 2591; x_wconf 85' lang='lat' dir='ltr'><strong>silentio</strong></span> <span class='ocrx_word' id='word_1_146' title='bbox 1173 2527 1398 2610; x_wconf 79' lang='lat' dir='ltr'><strong>premebantur</strong></span> <span class='ocrx_word' id='word_1_147' title='bbox 1419 2525 1493 2590; x_wconf 87' lang='lat' dir='ltr'><strong>reli-</strong></span> 
     </span>
     <span class='ocr_line' id='line_1_18' title="bbox 398 2644 1488 2736; baseline -0.004 -22"><span class='ocrx_word' id='word_1_148' title='bbox 398 2652 497 2736; x_wconf 80' lang='lat' dir='ltr'><strong>giose,</strong></span> <span class='ocrx_word' id='word_1_149' title='bbox 530 2648 568 2713; x_wconf 88' lang='lat' dir='ltr'><strong>cf.</strong></span> <span class='ocrx_word' id='word_1_150' title='bbox 602 2647 735 2725; x_wconf 76' lang='lat' dir='ltr'><strong>Macar,</strong></span> <span class='ocrx_word' id='word_1_151' title='bbox 763 2646 849 2711; x_wconf 92' lang='lat' dir='ltr'><strong>Hist.</strong></span> <span class='ocrx_word' id='word_1_152' title='bbox 875 2646 904 2710; x_wconf 89' lang='lat' dir='ltr'><strong>d.</strong></span> <span class='ocrx_word' id='word_1_153' title='bbox 928 2645 984 2711; x_wconf 85' lang='lat' dir='ltr'><strong>rel.</strong></span> <span class='ocrx_word' id='word_1_154' title='bbox 1009 2646 1039 2710; x_wconf 86' lang='lat' dir='ltr'><strong>d.</strong></span> <span class='ocrx_word' id='word_1_155' title='bbox 1063 2646 1084 2711; x_wconf 94' lang='lat' dir='ltr'><strong>l.</strong></span> <span class='ocrx_word' id='word_1_156' title='bbox 1112 2644 1168 2712; x_wconf 83' lang='lat' dir='ltr'><strong>Gr.</strong></span> <span class='ocrx_word' id='word_1_157' title='bbox 1192 2653 1267 2724; x_wconf 81' lang='lat' dir='ltr'><strong>ant,</strong></span> <span class='ocrx_word' id='word_1_158' title='bbox 1291 2653 1367 2711; x_wconf 81' lang='lat' dir='ltr'><strong>tom.</strong></span> <span class='ocrx_word' id='word_1_159' title='bbox 1392 2645 1433 2724; x_wconf 88' lang='grc' dir='ltr'><strong>ΙΙ,</strong></span> <span class='ocrx_word' id='word_1_160' title='bbox 1457 2669 1488 2732; x_wconf 89' lang='lat' dir='ltr'><strong>p.</strong></span> 
     </span>
     <span class='ocr_line' id='line_1_19' title="bbox 399 2769 1489 2856; baseline -0.002 -20"><span class='ocrx_word' id='word_1_161' title='bbox 399 2770 465 2836; x_wconf 84' lang='lat'><strong>300</strong></span> <span class='ocrx_word' id='word_1_162' title='bbox 497 2770 569 2836; x_wconf 88' lang='lat' dir='ltr'><strong>adn.</strong></span> <span class='ocrx_word' id='word_1_163' title='bbox 602 2769 645 2850; x_wconf 86' lang='lat'><strong>3),</strong></span> <span class='ocrx_word' id='word_1_164' title='bbox 678 2791 735 2835; x_wconf 90' lang='lat' dir='ltr'><strong>nac</strong></span> <span class='ocrx_word' id='word_1_165' title='bbox 766 2773 868 2835; x_wconf 87' lang='lat' dir='ltr'><strong>maior</strong></span> <span class='ocrx_word' id='word_1_166' title='bbox 898 2791 1040 2856; x_wconf 88' lang='lat' dir='ltr'><strong>unquam</strong></span> <span class='ocrx_word' id='word_1_167' title='bbox 1071 2771 1315 2836; x_wconf 80' lang='lat' dir='ltr'><strong>Atheniensium</strong></span> <span class='ocrx_word' id='word_1_168' title='bbox 1340 2776 1407 2836; x_wconf 89' lang='lat' dir='ltr'><strong>erat</strong></span> <span class='ocrx_word' id='word_1_169' title='bbox 1429 2772 1489 2846; x_wconf 90' lang='lat' dir='ltr'><strong>ira,</strong></span> 
     </span>
     <span class='ocr_line' id='line_1_20' title="bbox 399 2890 1488 2979; baseline -0.001 -22"><span class='ocrx_word' id='word_1_170' title='bbox 399 2914 494 2978; x_wconf 92' lang='lat' dir='ltr'><strong>quam</strong></span> <span class='ocrx_word' id='word_1_171' title='bbox 525 2895 552 2957; x_wconf 91' lang='lat' dir='ltr'><strong>si</strong></span> <span class='ocrx_word' id='word_1_172' title='bbox 583 2895 737 2979; x_wconf 86' lang='lat' dir='ltr'><strong>mysteria</strong></span> <span class='ocrx_word' id='word_1_173' title='bbox 761 2891 930 2978; x_wconf 79' lang='lat' dir='ltr'><strong>divulgata</strong></span> <span class='ocrx_word' id='word_1_174' title='bbox 954 2913 1022 2957; x_wconf 86' lang='lat' dir='ltr'><strong>esse</strong></span> <span class='ocrx_word' id='word_1_175' title='bbox 1045 2893 1295 2978; x_wconf 87' lang='lat' dir='ltr'><strong>suspicabantur,</strong></span> <span class='ocrx_word' id='word_1_176' title='bbox 1322 2892 1361 2957; x_wconf 86' lang='lat' dir='ltr'><strong>cf.</strong></span> <span class='ocrx_word' id='word_1_177' title='bbox 1387 2891 1429 2956; x_wconf 90' lang='lat' dir='ltr'><strong>H.</strong></span> <span class='ocrx_word' id='word_1_178' title='bbox 1455 2890 1488 2956; x_wconf 77' lang='lat' dir='ltr'><strong>S.</strong></span> 
     </span>
     <span class='ocr_line' id='line_1_21' title="bbox 399 3012 1128 3100; baseline -0.001 -22"><span class='ocrx_word' id='word_1_179' title='bbox 399 3014 523 3091; x_wconf 78' lang='lat' dir='ltr'><strong>Annos,</strong></span> <span class='ocrx_word' id='word_1_180' title='bbox 547 3012 607 3078; x_wconf 87' lang='lat' dir='ltr'><strong>Die</strong></span> <span class='ocrx_word' id='word_1_181' title='bbox 630 3013 730 3100; x_wconf 75' lang='lat' dir='ltr'><strong>Mysi.</strong></span> <span class='ocrx_word' id='word_1_182' title='bbox 755 3035 818 3078; x_wconf 87' lang='lat' dir='ltr'><strong>von</strong></span> <span class='ocrx_word' id='word_1_183' title='bbox 840 3013 959 3088; x_wconf 81' lang='lat' dir='ltr'><strong>Eleus,</strong></span> <span class='ocrx_word' id='word_1_184' title='bbox 984 3035 1014 3098; x_wconf 89' lang='lat' dir='ltr'><strong>p.</strong></span> <span class='ocrx_word' id='word_1_185' title='bbox 1039 3012 1059 3077; x_wconf 81' lang='lat'><strong><em>2</em></strong></span> <span class='ocrx_word' id='word_1_186' title='bbox 1083 3035 1128 3098; x_wconf 93' lang='lat' dir='ltr'><strong>sq.</strong></span> 
     </span>
    </p>

    <p class='ocr_par' dir='ltr' id='par_1_6' title="bbox 334 3135 1494 4172">
     <span class='ocr_line' id='line_1_22' title="bbox 357 3135 1491 3220; baseline -0.003 -19"><span class='ocrx_word' id='word_1_187' title='bbox 357 3149 359 3154; x_wconf 84' lang='lat'>&#39;</span> <span class='ocrx_word' id='word_1_188' title='bbox 446 3136 492 3201; x_wconf 92' lang='lat' dir='ltr'><strong>De</strong></span> <span class='ocrx_word' id='word_1_189' title='bbox 516 3156 677 3200; x_wconf 85' lang='lat' dir='ltr'><strong>sacrorum</strong></span> <span class='ocrx_word' id='word_1_190' title='bbox 701 3135 808 3200; x_wconf 87' lang='lat' dir='ltr'><strong>ordine</strong></span> <span class='ocrx_word' id='word_1_191' title='bbox 831 3155 866 3199; x_wconf 91' lang='lat' dir='ltr'><strong>ae</strong></span> <span class='ocrx_word' id='word_1_192' title='bbox 888 3137 1011 3200; x_wconf 85' lang='lat' dir='ltr'><strong>ratione</strong></span> <span class='ocrx_word' id='word_1_193' title='bbox 1034 3135 1192 3210; x_wconf 84' lang='lat' dir='ltr'><strong>vidimns;</strong></span> <span class='ocrx_word' id='word_1_194' title='bbox 1215 3156 1308 3210; x_wconf 91' lang='lat' dir='ltr'><strong>nunc,</strong></span> <span class='ocrx_word' id='word_1_195' title='bbox 1332 3137 1403 3220; x_wconf 90' lang='lat' dir='ltr'><strong>quis</strong></span> <span class='ocrx_word' id='word_1_196' title='bbox 1426 3154 1491 3199; x_wconf 93' lang='lat' dir='ltr'><strong>sco·</strong></span> 
     </span>
     <span class='ocr_line' id='line_1_23' title="bbox 400 3256 1491 3343; baseline -0.001 -21"><span class='ocrx_word' id='word_1_197' title='bbox 400 3279 461 3343; x_wconf 90' lang='lat' dir='ltr'><strong>pus</strong></span> <span class='ocrx_word' id='word_1_198' title='bbox 496 3257 593 3322; x_wconf 87' lang='lat' dir='ltr'><strong>fuerit</strong></span> <span class='ocrx_word' id='word_1_199' title='bbox 626 3277 662 3322; x_wconf 86' lang='lat' dir='ltr'><strong>ac</strong></span> <span class='ocrx_word' id='word_1_200' title='bbox 691 3256 773 3333; x_wconf 89' lang='lat' dir='ltr'><strong>finis,</strong></span> <span class='ocrx_word' id='word_1_201' title='bbox 805 3257 982 3321; x_wconf 82' lang='lat' dir='ltr'><strong>videamus.</strong></span> <span class='ocrx_word' id='word_1_202' title='bbox 1019 3257 1108 3336; x_wconf 77' lang='lat' dir='ltr'><strong>Quod</strong></span> <span class='ocrx_word' id='word_1_203' title='bbox 1140 3263 1247 3322; x_wconf 84' lang='lat' dir='ltr'><strong>autam</strong></span> <span class='ocrx_word' id='word_1_204' title='bbox 1279 3257 1318 3321; x_wconf 90' lang='lat' dir='ltr'><strong>ad</strong></span> <span class='ocrx_word' id='word_1_205' title='bbox 1348 3259 1491 3342; x_wconf 85' lang='lat' dir='ltr'><strong>magiam</strong></span> 
     </span>
     <span class='ocr_line' id='line_1_24' title="bbox 402 3376 1492 3466; baseline 0 -22"><span class='ocrx_word' id='word_1_206' title='bbox 402 3380 527 3454; x_wconf 86' lang='lat' dir='ltr'><strong>attinet,</strong></span> <span class='ocrx_word' id='word_1_207' title='bbox 566 3399 635 3442; x_wconf 91' lang='lat' dir='ltr'><strong>ram</strong></span> <span class='ocrx_word' id='word_1_208' title='bbox 665 3379 773 3462; x_wconf 88' lang='lat' dir='ltr'><strong>paucis</strong></span> <span class='ocrx_word' id='word_1_209' title='bbox 805 3376 968 3443; x_wconf 85' lang='lat' dir='ltr'><strong>absolvere</strong></span> <span class='ocrx_word' id='word_1_210' title='bbox 998 3377 1083 3443; x_wconf 92' lang='lat' dir='ltr'><strong>licet.</strong></span> <span class='ocrx_word' id='word_1_211' title='bbox 1125 3377 1248 3463; x_wconf 87' lang='lat' dir='ltr'><strong>Nempe</strong></span> <span class='ocrx_word' id='word_1_212' title='bbox 1279 3379 1319 3442; x_wconf 87' lang='lat' dir='ltr'><strong>ad</strong></span> <span class='ocrx_word' id='word_1_213' title='bbox 1349 3381 1492 3466; x_wconf 81' lang='lat' dir='ltr'><strong>magicas</strong></span> 
     </span>
     <span class='ocr_line' id='line_1_25' title="bbox 402 3498 1493 3583; baseline -0.001 -19"><span class='ocrx_word' id='word_1_214' title='bbox 402 3505 484 3564; x_wconf 87' lang='lat' dir='ltr'><strong>artes</strong></span> <span class='ocrx_word' id='word_1_215' title='bbox 514 3499 657 3562; x_wconf 90' lang='lat' dir='ltr'><strong>homines</strong></span> <span class='ocrx_word' id='word_1_216' title='bbox 688 3498 887 3583; x_wconf 83' lang='lat' dir='ltr'><strong>confugiunt,</strong></span> <span class='ocrx_word' id='word_1_217' title='bbox 920 3504 957 3562; x_wconf 90' lang='lat' dir='ltr'><strong>ut</strong></span> <span class='ocrx_word' id='word_1_218' title='bbox 979 3498 1088 3562; x_wconf 87' lang='lat' dir='ltr'><strong>futura</strong></span> <span class='ocrx_word' id='word_1_219' title='bbox 1110 3504 1324 3583; x_wconf 82' lang='lat' dir='ltr'><strong>praenoscant,</strong></span> <span class='ocrx_word' id='word_1_220' title='bbox 1349 3507 1387 3563; x_wconf 91' lang='lat' dir='ltr'><strong>ut</strong></span> <span class='ocrx_word' id='word_1_221' title='bbox 1409 3521 1493 3564; x_wconf 89' lang='lat' dir='ltr'><strong>mor-</strong></span> 
     </span>
     <span class='ocr_line' id='line_1_26' title="bbox 334 3619 1494 3705; baseline -0.003 -15"><span class='ocrx_word' id='word_1_222' title='bbox 334 3683 337 3690; x_wconf 94' lang='lat'><em>.</em></span> <span class='ocrx_word' id='word_1_223' title='bbox 401 3621 457 3685; x_wconf 92' lang='lat' dir='ltr'><strong>bos</strong></span> <span class='ocrx_word' id='word_1_224' title='bbox 490 3619 659 3705; x_wconf 89' lang='lat' dir='ltr'><strong>depellant,</strong></span> <span class='ocrx_word' id='word_1_225' title='bbox 691 3626 729 3684; x_wconf 91' lang='lat' dir='ltr'><strong>ut</strong></span> <span class='ocrx_word' id='word_1_226' title='bbox 759 3619 899 3705; x_wconf 88' lang='lat' dir='ltr'><strong>pericula</strong></span> <span class='ocrx_word' id='word_1_227' title='bbox 929 3619 1123 3705; x_wconf 88' lang='lat' dir='ltr'><strong>propulsent,</strong></span> <span class='ocrx_word' id='word_1_228' title='bbox 1155 3626 1193 3684; x_wconf 92' lang='lat' dir='ltr'><strong>ut</strong></span> <span class='ocrx_word' id='word_1_229' title='bbox 1215 3623 1419 3686; x_wconf 90' lang='lat' dir='ltr'><strong>inimicorum</strong></span> <span class='ocrx_word' id='word_1_230' title='bbox 1442 3622 1494 3687; x_wconf 80' lang='lat' dir='ltr'><strong>de</strong></span> 
     </span>
     <span class='ocr_line' id='line_1_27' title="bbox 400 3741 1494 3827; baseline 0.003 -22"><span class='ocrx_word' id='word_1_231' title='bbox 400 3741 529 3806; x_wconf 79' lang='lat' dir='ltr'><strong>landant</strong></span> <span class='ocrx_word' id='word_1_232' title='bbox 569 3743 711 3818; x_wconf 87' lang='lat' dir='ltr'><strong>iniurias,</strong></span> <span class='ocrx_word' id='word_1_233' title='bbox 754 3749 791 3805; x_wconf 90' lang='lat' dir='ltr'><strong>ut</strong></span> <span class='ocrx_word' id='word_1_234' title='bbox 832 3741 1061 3806; x_wconf 85' lang='lat' dir='ltr'><strong>miraculorum</strong></span> <span class='ocrx_word' id='word_1_235' title='bbox 1103 3743 1302 3827; x_wconf 88' lang='lat' dir='ltr'><strong>optatissimo</strong></span> <span class='ocrx_word' id='word_1_236' title='bbox 1345 3744 1494 3808; x_wconf 88' lang='lat' dir='ltr'><strong>fruantur</strong></span> 
     </span>
     <span class='ocr_line' id='line_1_28' title="bbox 400 3861 1493 3948; baseline 0.003 -21"><span class='ocrx_word' id='word_1_237' title='bbox 400 3863 559 3947; x_wconf 89' lang='lat' dir='ltr'><strong>adspectu.</strong></span> <span class='ocrx_word' id='word_1_238' title='bbox 596 3861 656 3927; x_wconf 77' lang='lat' dir='ltr'><strong>Sed</strong></span> <span class='ocrx_word' id='word_1_239' title='bbox 678 3869 710 3926; x_wconf 88' lang='lat' dir='ltr'><strong>et</strong></span> <span class='ocrx_word' id='word_1_240' title='bbox 733 3865 870 3948; x_wconf 86' lang='lat' dir='ltr'><strong>mystice</strong></span> <span class='ocrx_word' id='word_1_241' title='bbox 894 3883 981 3928; x_wconf 85' lang='lat' dir='ltr'><strong>sacra</strong></span> <span class='ocrx_word' id='word_1_242' title='bbox 1001 3863 1132 3928; x_wconf 87' lang='lat' dir='ltr'><strong>eandem</strong></span> <span class='ocrx_word' id='word_1_243' title='bbox 1153 3865 1191 3929; x_wconf 91' lang='lat' dir='ltr'><strong>ob</strong></span> <span class='ocrx_word' id='word_1_244' title='bbox 1212 3883 1339 3929; x_wconf 92' lang='lat' dir='ltr'><strong>causam</strong></span> <span class='ocrx_word' id='word_1_245' title='bbox 1359 3865 1493 3931; x_wconf 87' lang='lat' dir='ltr'><strong>coluisse</strong></span> 
     </span>
     <span class='ocr_line' id='line_1_29' title="bbox 398 3984 1494 4072; baseline 0.004 -26"><span class='ocrx_word' id='word_1_246' title='bbox 398 3984 578 4062; x_wconf 84' lang='lat' dir='ltr'><strong>initiandos,</strong></span> <span class='ocrx_word' id='word_1_247' title='bbox 602 3987 778 4048; x_wconf 84' lang='lat' dir='ltr'><strong>accuratius</strong></span> <span class='ocrx_word' id='word_1_248' title='bbox 799 3984 1081 4050; x_wconf 87' lang='lat' dir='ltr'><strong>demonstrandum</strong></span> <span class='ocrx_word' id='word_1_249' title='bbox 1102 3991 1159 4061; x_wconf 87' lang='lat' dir='ltr'><strong>est,</strong></span> <span class='ocrx_word' id='word_1_250' title='bbox 1179 3987 1383 4070; x_wconf 87' lang='lat' dir='ltr'><strong>antiquorum</strong></span> <span class='ocrx_word' id='word_1_251' title='bbox 1399 3989 1494 4072; x_wconf 83' lang='lat' dir='ltr'><strong>scrip-</strong></span> 
     </span>
     <span class='ocr_line' id='line_1_30' title="bbox 401 4106 896 4172; baseline 0.004 -3"><span class='ocrx_word' id='word_1_252' title='bbox 401 4111 509 4169; x_wconf 90' lang='lat' dir='ltr'><strong>torum</strong></span> <span class='ocrx_word' id='word_1_253' title='bbox 534 4109 719 4170; x_wconf 88' lang='lat' dir='ltr'><strong>testimonio</strong></span> <span class='ocrx_word' id='word_1_254' title='bbox 744 4106 896 4172; x_wconf 90' lang='lat' dir='ltr'><strong>adhibite.</strong></span> 
     </span>
    </p>
   </div>
   <div class='ocr_carea' id='block_1_6' title="bbox 435 4411 1326 4563">
    <p class='ocr_par' dir='ltr' id='par_1_7' title="bbox 435 4411 1326 4563">
     <span class='ocr_line' id='line_1_31' title="bbox 436 4411 1326 4480; baseline 0.001 -15"><span class='ocrx_word' id='word_1_255' title='bbox 436 4418 459 4475; x_wconf 92' lang='grc'><strong>1)</strong></span> <span class='ocrx_word' id='word_1_256' title='bbox 478 4416 581 4465; x_wconf 85' lang='lat' dir='ltr'><strong>Praebet</strong></span> <span class='ocrx_word' id='word_1_257' title='bbox 597 4415 706 4473; x_wconf 77' lang='lat' dir='ltr'><strong>Loancu,</strong></span> <span class='ocrx_word' id='word_1_258' title='bbox 726 4416 788 4480; x_wconf 75' lang='lat' dir='ltr'><strong>Agl,</strong></span> <span class='ocrx_word' id='word_1_259' title='bbox 806 4423 864 4467; x_wconf 89' lang='lat' dir='ltr'><strong>tom.</strong></span> <span class='ocrx_word' id='word_1_260' title='bbox 882 4415 903 4473; x_wconf 90' lang='lat' dir='ltr'><strong>I,</strong></span> <span class='ocrx_word' id='word_1_261' title='bbox 920 4432 944 4480; x_wconf 90' lang='lat' dir='ltr'><strong>p.</strong></span> <span class='ocrx_word' id='word_1_262' title='bbox 963 4416 1008 4464; x_wconf 73' lang='lat'><strong>53:</strong></span> <span class='ocrx_word' id='word_1_263' title='bbox 1028 4415 1114 4476; x_wconf 76' lang='grc' dir='ltr'><strong><em>βιαίως</em></strong></span> <span class='ocrx_word' id='word_1_264' title='bbox 1132 4413 1158 4464; x_wconf 71' lang='grc' dir='ltr'><strong>δὲ</strong></span> <span class='ocrx_word' id='word_1_265' title='bbox 1176 4411 1326 4478; x_wconf 73' lang='grc' dir='ltr'><strong><em>ἐγκειμένου.</em></strong></span> 
     </span>
     <span class='ocr_line' id='line_1_32' title="bbox 435 4499 1179 4563; baseline 0.001 -16"><span class='ocrx_word' id='word_1_266' title='bbox 435 4501 459 4562; x_wconf 75' lang='lat'><strong>2)</strong></span> <span class='ocrx_word' id='word_1_267' title='bbox 475 4499 528 4548; x_wconf 82' lang='lat' dir='ltr'><strong>Hac</strong></span> <span class='ocrx_word' id='word_1_268' title='bbox 545 4500 573 4548; x_wconf 86' lang='lat' dir='ltr'><strong>dc</strong></span> <span class='ocrx_word' id='word_1_269' title='bbox 591 4500 711 4548; x_wconf 83' lang='lat' dir='ltr'><strong>locutione</strong></span> <span class='ocrx_word' id='word_1_270' title='bbox 728 4501 758 4549; x_wconf 82' lang='lat' dir='ltr'><strong>el.</strong></span> <span class='ocrx_word' id='word_1_271' title='bbox 777 4499 888 4558; x_wconf 74' lang='lat' dir='ltr'><strong>Losacs,</strong></span> <span class='ocrx_word' id='word_1_272' title='bbox 907 4500 961 4563; x_wconf 79' lang='lat' dir='ltr'><strong>Agl.</strong></span> <span class='ocrx_word' id='word_1_273' title='bbox 979 4506 1038 4548; x_wconf 85' lang='lat' dir='ltr'><strong>tom.</strong></span> <span class='ocrx_word' id='word_1_274' title='bbox 1061 4499 1081 4558; x_wconf 95' lang='lat' dir='ltr'><strong>I,</strong></span> <span class='ocrx_word' id='word_1_275' title='bbox 1098 4515 1122 4563; x_wconf 94' lang='lat' dir='ltr'><strong>p.</strong></span> <span class='ocrx_word' id='word_1_276' title='bbox 1141 4501 1179 4548; x_wconf 78' lang='lat'><strong>54.</strong></span> 
     </span>
    </p>
   </div>
   <div class='ocr_carea' id='block_1_7' title="bbox 0 0 1691 5252">
    <p class='ocr_par' dir='ltr' id='par_1_8' title="bbox 0 0 1691 5252">
     <span class='ocr_line' id='line_1_33' title="bbox 0 0 1691 5252; baseline 0 0"><span class='ocrx_word' id='word_1_277' title='bbox 0 0 1691 5252; x_wconf 95' lang='lat' dir='ltr'><strong> </strong></span> 
     </span>
    </p>
   </div>
  </div>
 </body>
</html>
