3350 5264
899 485 962 551 106

383 668 511 745 ferebat,
543 668 603 734 Dio
634 667 798 757 Ohryeost.
830 670 916 734 Orat.
948 668 1005 746 XI,
1037 690 1068 753 p.
1094 666 1169 732 205.
1200 667 1258 732 Ed.
1282 666 1396 732 Dind:
1421 668 1474 732 Ἐν

385 789 447 866 γὰρ
479 798 540 860 τοῖς
570 787 658 870 Ὥρῳ
688 790 916 872 γεγραμμένοις
940 791 1084 868 ὀνείρασιν
1108 789 1133 853 ei
1157 785 1302 868 ἄνθρωποι
1325 787 1473 858 τοιαύτας

384 906 470 990 ὄψεις
500 911 595 989 ὁρῶσι,
627 915 676 974 νῦν
707 911 764 989 μὲν
788 912 940 982 δοκοῦντες
965 911 1163 992 ἀποθνήσκειν
1187 907 1237 972 καὶ
1263 909 1474 985 σκυλεύεσθαι,

385 1030 482 1096 πάλιν
512 1031 543 1096 δὲ
573 1033 758 1097 detornatae
771 1031 798 1113 ¹)
829 1047 900 1096 κσι.
933 1051 1013 1117 quae
1035 1029 1254 1115 Apuleianum
1277 1028 1369 1105 illud,
1393 1028 1476 1094 unde

386 1151 519 1237 profooti
550 1172 662 1217 eumue
686 1153 832 1230 „Aeaeasi
856 1151 1028 1217 confinium
1052 1150 1185 1216 mortie’'
1209 1153 1241 1214 in
1265 1155 1407 1215 mentem
1431 1171 1478 1214 re·

385 1287 507 1339 vooant.
526 1273 655 1359 'Neque
686 1275 868 1361 negandum
899 1279 955 1350 eat,
981 1273 1066 1338 hisee
1089 1275 1172 1336 inter
1195 1293 1228 1336 ae
1251 1270 1385 1345 nolletis,
1409 1274 1478 1356 ipen

384 1393 514 1460 traditio
550 1415 646 1480 quare
680 1396 719 1460 ad
753 1398 855 1460 instar
887 1394 1087 1460 voluntariae
1117 1396 1229 1458 mortio
1260 1399 1292 1458 et
1320 1393 1477 1478 precariae

385 1514 537 1596 salutisa
574 1515 732 1582 celebrata
762 1519 815 1594 ait,
846 1516 927 1582 Met.
960 1515 1016 1594 XI,
1047 1515 1100 1591 21,
1133 1514 1351 1601 Apuleiueqne
1382 1535 1478 1600 quare

384 1642 458 1722 poet
490 1639 707 1704 initiationem
742 1645 810 1704 tam
840 1643 1004 1724 permotus
1036 1638 1132 1703 fuerit
1162 1640 1280 1715 animo,
1312 1658 1409 1721 quam
1439 1659 1478 1702 ex

383 1760 453 1843 ipsa
476 1764 563 1842 patet
587 1762 768 1825 narratione
782 1762 817 1840 ³),
841 1759 947 1825 multo
971 1757 1087 1823 melina
1110 1779 1166 1822 noa
1189 1756 1380 1844 intelligere.

419 1987 441 2048 l)
463 1987 601 2045 Sesami,
625 1986 770 2036 Geaohiohte
795 1987 837 2036 der
854 1986 1025 2035 Grieohiaehen
1043 1985 1177 2034 Litteratnr
1194 1985 1219 2034 in
1236 1985 1278 2033 dor
1294 1984 1479 2034 Alexandrinar-

384 2069 439 2127 aait,
457 2074 515 2118 tom.
534 2069 555 2127 Ι,
574 2085 598 2133 p.
616 2067 664 2120 876
684 2069 740 2118 adn.
760 2069 818 2130 191)
833 2069 851 2118 l.
868 2068 886 2117 l.
904 2068 964 2117 haee
981 2067 1088 2116 addidit:
1107 2067 1156 2126 „Ee
1172 2083 1251 2116 waren
1268 2067 1320 2116 aleo
1334 2067 1480 2116 akatatiaohe

384 2151 507 2201 Viaionon.
526 2151 588 2201 Daee
606 2152 641 2201 aie
660 2157 729 2200 enter
749 2152 802 2200 dem
822 2151 916 2200 Namon
934 2152 975 2200 dae
989 2151 1145 2215 Egyptiaohen
1160 2151 1244 2199 Gottea
1258 2150 1354 2214 gingon,
1369 2151 1401 2199 iet
1413 2151 1481 2201 nicht

385 2235 535 2284 wundorhar.
561 2235 597 2282 Αἱ
618 2234 704 2296 βίβλοι
722 2234 753 2282 ιιι*
766 2232 848 2296 “npoo
865 2233 907 2282 κιιὶ
920 2231 1013 2290 Ἴσιδος
1027 2233 1134 2282 ιιιιιίὶιιιῒ
1149 2233 1211 2282 anah
1225 2232 1329 2292 Lnkiarr,
1344 2233 1409 2282 Gall.
1424 2234 1480 2282 18”.

418 2319 443 2379 2)
470 2317 581 2366 Fortasse
599 2333 648 2365 non
665 2317 737 2382 piano
755 2317 798 2365 abs
816 2333 843 2365 ra
860 2317 914 2376 orit,
930 2317 970 2365 hio
987 2316 1122 2374 observare,
1138 2332 1192 2364 eam
1209 2315 1346 2379 opinionem
1363 2322 1414 2364 tam
1429 2315 1480 2362 late

385 2401 489 2466 populor
510 2399 652 2464 pervasisse,
676 2405 703 2448 ut
726 2405 750 2448 et
767 2405 852 2448 nostra
869 2405 949 2448 aetate
967 2404 1048 2462 gentos
1066 2397 1183 2462 quaedam
1201 2398 1274 2445 Afrae
1290 2395 1405 2461 mysteria
1422 2395 1482 2443 aele-

385 2485 463 2540 brent,
482 2483 568 2547 quibus
587 2482 628 2546 qni
646 2482 781 2540 initientur,
801 2487 825 2530 et
841 2481 903 2530 mori
918 2480 1031 2529 dicuntur
1046 2487 1070 2529 et
1084 2479 1185 2538 ranaeoi,
1200 2480 1230 2528 of.
1245 2478 1272 2527 Ιι.
1287 2492 1311 2528 v.
1327 2478 1481 2536 Pnoeenma,

387 2565 434 2614 Die
453 2565 636 2614 Gohoimbiindo
652 2565 760 2624 Atrikos,
777 2564 848 2630 impr.
867 2581 891 2629 p.
910 2565 950 2622 14,
966 2564 992 2611 in
1010 2561 1126 2622 „SammL
1145 2561 1311 2626 gemeinverat.
1325 2561 1388 2609 wire.
1399 2559 1481 2608 Vort.’'

386 2647 418 2698 N.
436 2649 464 2698 F.
483 2648 539 2698 209.

420 2731 446 2792 3)
464 2730 500 2780 cf.
519 2747 581 2795 quae
599 2734 610 2794 ς
629 2730 705 2779 1201
724 2715 830 2796 dpuleio
849 2731 895 2778 hao
912 2729 942 2778 da
958 2745 983 2778 ra
1000 2727 1135 2778 attulimus.
