3354 5262
901 469 944 535 38

379 660 542 742 praecipit,
566 658 673 722 decem
697 656 944 723 11111111111111
967 656 1078 722 diebus
1100 656 1250 721 cibariam
1270 654 1469 741 voluptatem

379 799 552 844 coercerem
582 801 682 864 neque
713 778 819 844 ullum
849 778 968 844 animal
998 799 1099 842 essem
1129 783 1161 842 et
1190 779 1332 844 invinius
1355 798 1467 842 essem.

380 899 456 979 Quis
490 900 663 966 venerabili
693 903 885 966 continentia
915 903 976 965 rite
1006 902 1139 965 servatis
1167 902 1233 963 iam
1266 899 1331 964 dies
1361 898 1470 964 aderat

378 1021 486 1087 divino
510 1020 686 1088 destinatus
709 1021 890 1088 vadimonio
913 1027 945 1086 11
969 1021 1016 1086 111
1034 1027 1185 1087 curvatus
1204 1020 1384 1086 intrahebat
1401 1041 1470 1086 ves-

378 1164 497 1227 peram.
521 1143 604 1208 Tum
626 1165 696 1210 ecoe
719 1144 882 1209 confluunt
903 1143 1042 1228 undique
1061 1142 1172 1207 turbae
1189 1147 1383 1207 sacratorum
1402 1142 1469 1206 ritu

377 1269 505 1330 vetusto
528 1267 626 1330 variis
649 1268 782 1350 quisque
805 1285 856 1328 me
879 1264 1064 1328 muneribus
1087 1263 1285 1328 honorantes.
1314 1261 1402 1326 Tunc
1425 1282 1471 1326 se

377 1388 473 1450 motis
491 1387 602 1482 procul
620 1388 757 1473 profanis
776 1388 923 1452 omnibus
942 1386 1041 1451 linteo
1061 1385 1195 1470 rudique
1215 1406 1266 1450 me
1286 1389 1468 1450 contectum

377 1509 557 1572 amicimine
580 1507 710 1594 adrepta
732 1529 830 1573 manu
852 1507 995 1574 sacerdos
1015 1507 1142 1572 deducit
1160 1507 1200 1571 ad
1218 1509 1320 1592 ipsius
1339 1507 1467 1572 sacrarii

376 1629 570 1714 penetralia''
586 1628 621 1709 ¹).

420 1750 540 1830 Quodsi
573 1739 764 1835 quaerimus,
797 1750 895 1815 multi
924 1752 1057 1836 paucine
1089 1755 1185 1814 testes
1215 1749 1335 1814 fuerint
1364 1749 1469 1812 initia·

375 1873 489 1948 tionis,
521 1871 606 1936 haud
636 1873 772 1936 incertos
802 1872 861 1936 hac
892 1871 930 1936 de
960 1893 994 1936 re
1025 1893 1080 1936 nos
1111 1874 1186 1935 sinit
1210 1891 1276 1936 esse
1300 1869 1465 1954 Apuleius.

375 1992 552 2057 Audiamus
571 1995 678 2078 ipsum
696 1993 894 2070 referentem,
915 1993 998 2077 quod
1018 1992 1124 2057 solum
1142 1997 1247 2078 potest
1263 1995 1329 2057 sine
1341 1990 1466 2076 piaculo

374 2115 514 2199 profanis
536 2116 710 2179 enuntiari:
736 2115 909 2192 „Perfectis
931 2114 1126 2180 solemnibus
1144 2117 1281 2200 processi
1299 2113 1467 2178 duodecim

376 2239 506 2300 sacratis
532 2235 621 2301 stolis
646 2236 802 2315 <iniectis
824 2236 1006 2318 stipatae),
1030 2238 1143 2302 habitu
1166 2236 1295 2322 quidem
1318 2235 1468 2321 religioso

376 2359 462 2434 satis,
487 2357 541 2422 sed
564 2356 651 2421 effari
674 2357 711 2422 de
735 2379 770 2422 ec
793 2356 882 2422 nullo
901 2356 1029 2423 vinculo
1049 2358 1227 2458 prohibeor,
1248 2359 1365 2442 quippe
1384 2355 1468 2442 quod

378 2484 453 2543 tunc
471 2481 624 2562 temporis
643 2477 749 2543 videre
766 2483 945 2562 praesentes
962 2478 1116 2565 plurimi'’
1128 2481 1163 2559 ²).
1179 2478 1270 2544 Unde
1281 2480 1358 2542 satis
1369 2483 1467 2562 patet,

376 2601 455 2685 ipsis
477 2601 641 2664 nocturnis
663 2602 861 2665 caerimoniis
883 2622 945 2666 non
968 2599 1133 2686 plurimos,
1158 2599 1212 2664 sed
1234 2619 1352 2685 paucos
1374 2601 1470 2666 inter-

377 2721 484 2799 fuisse,
514 2742 615 2806 neque
640 2720 712 2787 illas
738 2723 868 2799 „turbas
891 2725 987 2788 sacris
1011 2722 1127 2788 divinis
1149 2721 1314 2787 initiatos’'
1338 2742 1372 2786 re
1393 2742 1469 2788 vera

378 2863 496 2929 magno
519 2843 618 2908 fuisse
640 2864 782 2909 numero.
858 2895 861 2902 Δ

422 2963 492 3030 Hac
515 2986 639 3050 quoque
661 2968 694 3029 in
717 2986 751 3031 re
773 2965 953 3030 Mithriacis
975 2968 1149 3052 mysteriis,
1173 2966 1213 3031 ad
1232 2987 1311 3050 quae
1330 2964 1467 3052 singulis

376 3088 408 3150 in
433 3086 563 3170 templis
582 3108 642 3152 non
663 3089 725 3151 nisi
743 3109 859 3172 paucos
878 3109 946 3154 esse
964 3088 1119 3154 admissos
1137 3087 1192 3154 vel
1211 3109 1249 3153 ex
1268 3087 1467 3173 spelaeorum

377 3205 640 3272 aedificandorum
664 3210 784 3273 ratione
806 3214 893 3292 patet
907 3209 941 3289 ³),
965 3209 1050 3274 haud
1071 3208 1231 3275 absimilia
1250 3215 1339 3274 erant
1358 3207 1467 3286 isiaca,

376 3331 413 3389 ut
443 3326 543 3391 ferme
572 3329 656 3392 inter
686 3331 852 3414 utriusque
882 3329 1049 3416 religionis
1078 3331 1284 3395 caerimonias
1314 3329 1468 3415 quaedam

377 3446 554 3513 similitudo
576 3448 790 3514 intercedebat
802 3451 838 3530 ⁴).

422 3566 474 3634 Ad
492 3567 571 3634 alias
590 3571 804 3656 Aegyptiacae
823 3571 938 3655 quibus
957 3569 1111 3655 Apuleius
1131 3571 1277 3635 initiatus
1297 3576 1346 3636 est
1357 3569 1468 3636 teletas

377 3713 439 3756 non
461 3692 524 3755 nisi
547 3690 719 3756 admodum
742 3693 851 3777 paucis
873 3692 1002 3778 patebat
1023 3692 1138 3757 aditus.
1164 3690 1292 3758 Scilicet
1315 3697 1387 3757 ante
1409 3697 1469 3756 ter-

377 3815 458 3878 tiam
491 3814 704 3877 initiationem
739 3811 876 3877 Lucium
910 3833 1028 3899 magna
1063 3834 1138 3878 cura
1167 3813 1354 3892 sollicitum,
1386 3811 1469 3899 quod

411 3963 438 4027 Ι)
456 3962 515 4012 Μ11.
533 3962 576 4021 XI,
595 3963 633 4012 23.
899 3961 1060 4024 11111111,
1078 3963 1118 4012 24.

411 4044 435 4106 8)
457 4043 629 4108 Amplissimos
652 4043 745 4093 scilicet
769 4060 830 4109 quaa
853 4045 976 4110 hucusque
999 4046 1097 4095 effossae
1119 4051 1175 4095 sunt
1192 4053 1297 4111 cryptae,
1315 4047 1354 4096 vix
1370 4052 1467 4096 centum

377 4127 486 4176 homines
509 4127 630 4177 continere
653 4133 761 4192 possunt.
784 4127 948 4177 (11011111
966 4127 1015 4178 iv.
1034 4127 1139 4178 Mithrae
1155 4145 1179 4194 p.
1197 4130 1274 4188 3011
1292 4130 1322 4179 of.
1340 4136 1365 4180 11
1381 4129 1467 4180 'l'extes

376 4217 401 4258 11
417 4209 484 4258 Mon.
502 4215 561 4259 torn.
579 4209 599 4268 1,
617 4226 641 4274 p.
654 4211 686 4257 15
704 4209 802 4258 11328.

410 4295 434 4353 4)
458 4292 576 4352 cursores,
599 4292 685 4341 Teutas
708 4298 733 4341 11
749 4293 816 4340 Mon.
832 4298 889 4341 tom.
907 4292 928 4350 I,
945 4309 969 4357 p.
987 4293 1035 4341 328
1054 4293 1110 4342 adn.
1127 4292 1169 4358 4):
1188 4293 1333 4358 „Besucoup
1352 4294 1381 4342 de
1397 4294 1468 4343 traits

378 4376 420 4422 des
442 4375 556 4439 mysteres
579 4376 658 4435 d’lsis,
680 4376 726 4424 1111
748 4374 882 4439 qu’Apulde
905 4376 939 4423 les
963 4374 1067 4440 ddpeint,
1088 4382 1142 4426 sont
1164 4377 1312 4444 spplicebles
1331 4377 1345 4424 d
1362 4393 1421 4428 ceux
1439 4377 1468 4426 de

378 4457 495 4517 Mithra”,
511 4460 540 4506 cf.
560 4465 623 4525 etp.
643 4459 689 4508 319
708 4464 732 4508 11
749 4459 795 4506 321
815 4458 869 4506 adn.
888 4458 920 4521 6).
