3354 5262
692 1290 804 1380 ‚pu

265 1472 307 1538 st
340 1473 378 1539 de
411 1472 520 1538 isiacis
554 1472 658 1539 teletis
693 1477 738 1539 sic
772 1473 961 1560 disputabo,
1001 1479 1039 1539 ut
1072 1473 1131 1538 hoc
1166 1454 1307 1560 primum

219 1597 415 1682 investigare
444 1615 546 1674 coner,
577 1599 689 1660 utrum
721 1595 841 1660 multos
872 1597 918 1660 ibi
941 1597 1034 1660 certis
1057 1597 1176 1660 initiari
1200 1594 1309 1660 diebus

220 1738 261 1782 an
283 1715 427 1802 singulos
449 1718 751 1803 incertismystica
771 1716 823 1782 les
843 1717 949 1782 fuerit.
972 1716 1312 1802 Hincetenimdepen·

220 1838 292 1902 dere
315 1844 428 1916 cetera,
454 1836 507 1904 vel
528 1858 577 1902 res
600 1839 670 1922 ipsa
693 1836 838 1916 declarat,
863 1837 915 1903 vel
937 1860 977 1903 ex
997 1841 1048 1917 iis,
1068 1860 1148 1924 quae
1167 1840 1313 1924 proxima

218 1958 427 2044 paragrapho,
447 1979 521 2023 cum
537 1935 829 2026 Samothraciorum
841 1961 1069 2044 mysteriorum
1083 1961 1203 2024 mentio
1215 1958 1312 2037 fieret,

219 2080 394 2157 observavi,
416 2084 514 2165 patet.
535 2077 646 2166 Itaque
664 2078 875 2164 Apuleianam
894 2101 958 2144 non
976 2101 1084 2165 presso
1103 2080 1182 2167 pede
1201 2100 1314 2165 sequar

219 2202 444 2278 narrationem,
468 2206 507 2265 ut
529 2199 654 2268 Zmuow
667 2199 704 2282 1),
728 2176 860 2266 hirsus
874 2200 911 2282 ²),
930 2200 1116 2267 Mercrius
1129 2200 1166 2282 ³),
1185 2199 1249 2278 alii,
1272 2200 1312 2265 ad

221 2343 298 2408 quos
316 2321 412 2387 huius
431 2323 478 2387 rei
490 2321 648 2387 studiosos
660 2320 782 2408 ablega
795 2321 850 2387 sed
863 2343 900 2387 ea
910 2327 1038 2388 tantum
1049 2322 1122 2387 inde
1133 2321 1309 2399 desumam,

222 2463 302 2529 quae
325 2442 365 2508 ad
387 2463 548 2508 summam
572 2445 787 2528 quaestionem
812 2445 991 2528 pertineant
1014 2441 1258 2508 diiudicandum.

268 2562 367 2629 Lucio
390 2569 498 2630 autem
521 2565 643 2631 asinina
670 2563 772 2630 adhuc
793 2563 877 2650 pelle
891 2563 1011 2637 ,induto
1033 2565 1066 2628 in
1090 2565 1220 2628 somniis
1244 2583 1311 2628 sese

225 2686 282 2751 dea
317 2684 407 2750 offert
438 2685 508 2763 Isis,
544 2706 690 2770 eumque,
726 2684 884 2770 quomodo
913 2686 1087 2750 infortunio
1118 2693 1183 2750 se'se
1213 2687 1314 2770 possit

224 2809 354 2892 eripere,
385 2805 525 2886 dooet⁴).
557 2805 686 2872 Scilicet
715 2809 861 2892 proximo
891 2806 942 2871 die
972 2809 1040 2872 ia.
1065 2806 1245 2872 antediem
1268 2804 1316 2870 III

225 2927 304 2993 Non.
328 2925 426 2994 Mart.
456 2929 625 3014 navigium
654 2926 729 2992 dese
752 2931 970 2993 consecratum
994 2927 1075 2992 mari
1097 2929 1317 2992 committetur

225 3047 438 3134 solemnisque
472 3052 587 3134 agetur
620 3067 747 3136 pompa,
782 3049 816 3112 iu
850 3067 912 3133 qua
945 3052 978 3112 et
1011 3049 1135 3133 primus
1169 3047 1315 3132 procedet

173 3191 177 3198 ·
226 3169 368 3248 sacerdos
410 3189 554 3235 rosarum
595 3175 717 3234 sertum
756 3167 884 3234 dextera
916 3189 1046 3254 gerens,
1086 3168 1201 3254 quibus
1234 3171 1313 3236 rosis

227 3293 360 3357 comesis
389 3289 509 3356 Lucius
538 3290 651 3356 facicm
678 3291 852 3356 humanam
874 3291 1082 3376 recuperabit.
1116 3290 1182 3357 Nec
1204 3312 1310 3370 mora,

226 3410 355 3489 Lucius,
390 3431 520 3477 excusso
550 3431 669 3493 somno,
699 3413 733 3475 in
764 3409 879 3496 oppido
910 3409 1078 3477 Cenchreis
1107 3411 1163 3476 ubi
1193 3411 1311 3476 festum

229 3532 414 3611 celebratur,
448 3534 533 3598 inter
565 3529 684 3619 popelli
718 3531 845 3596 turbam
877 3532 923 3596 ibi
953 3533 1106 3610 consistit,
1139 3553 1200 3617 qua
1230 3553 1316 3618 pras·

230 3654 339 3719 teribit
368 3674 493 3740 pompa.
528 3653 631 3735 Quam
661 3658 728 3718 tam
751 3652 870 3718 vividis
894 3651 1037 3737 depinxit
1059 3651 1216 3738 Apuleius
1240 3650 1321 3717 colo-

232 3775 336 3853 ribus,
371 3780 409 3840 ut
444 3781 476 3839 et
508 3776 571 3859 ipsi
604 3771 799 3840 solemnibus
832 3775 983 3838 interesse
1017 3773 1106 3840 nobis
1141 3772 1319 3841 videamur.

267 4015 291 4078 1)
313 4017 344 4065 A.
366 4015 474 4072 Zmuow,
497 4011 588 4077 Psyche
610 4010 659 4060 und
680 4009 748 4068 Eros,
770 4026 794 4074 p.
819 4009 942 4059 sl-loa.
965 4009 1001 4059 De
1023 4010 1077 4075 ipss
1099 4009 1236 4060 initiatione
1258 4011 1321 4060 nibil

233 4098 291 4148 novi
307 4091 418 4163 protulit.

267 4180 292 4242 2)
309 4179 338 4230 G.
355 4178 467 4236 sunm,
485 4175 592 4226 Histoire
609 4175 633 4225 (l.
651 4173 716 4223 culte
733 4173 775 4222 dos
793 4172 1322 4238 div.d¹slex‚p.121-1aootlos-lla.

268 4263 293 4325 3)
309 4262 337 4313 P.
354 4262 510 4320 Mosossux,
531 4257 624 4324 Apulee
646 4255 772 4323 magicien,
795 4256 820 4305 in
843 4255 926 4306 Rosos
949 4255 991 4305 des
1013 4256 1075 4306 deux
1091 4257 1190 4306 mendas
1207 4263 1266 4308 tom.
1284 4258 1323 4318 85,

235 4359 260 4407 p.
276 4343 415 4402 BOS—596,
431 4335 585 4405 eiusdemque
602 4339 734 4404 scriptoris,
752 4335 853 4402 apulsa,
869 4337 965 4405 Romen
982 4343 1007 4388 et
1023 4337 1110 4403 magis,
1128 4355 1151 4403 p.
1169 4337 1307 4392 sss-282.

269 4427 295 4488 4)
310 4425 384 4491 Apul.
402 4423 462 4474 Met.
479 4421 523 4482 XI,
540 4423 554 4470 b
571 4437 606 4487 sq.

1165 4516 1180 4562 8
