3354 5262
878 1243 949 1331 qr.

408 1427 455 1492 De
463 1427 637 1492 Eleusiniis
650 1429 815 1513 mysteriis
827 1447 907 1514 quae
919 1429 1129 1491 innotuerunt
1142 1431 1174 1491 et
1186 1426 1225 1490 ad
1234 1425 1334 1492 Isiaca
1345 1431 1465 1512 passim

362 1548 505 1613 adhiberi
523 1547 714 1612 illustranda
733 1546 885 1614 vidimus.
907 1546 1056 1612 Vidimus
1080 1553 1112 1611 et
1132 1549 1200 1624 hoc,
1223 1547 1341 1612 Isiacae
1360 1550 1468 1614 initia-

361 1673 458 1734 tionis
476 1672 545 1735 vim
566 1675 660 1753 atque
680 1668 827 1733 effectum
846 1669 947 1754 vulgo
968 1674 1024 1733 aut
1044 1671 1185 1733 scenicae
1200 1668 1326 1733 cuidam
1347 1673 1467 1735 actioni

360 1797 416 1855 aut
437 1789 656 1876 symbolorum
677 1789 841 1874 adspectui
859 1789 1094 1855 venerabilium
1107 1789 1219 1854 tribui.
1241 1789 1344 1873 Nunc,
1358 1791 1467 1876 quales

359 1912 432 1977 inde
455 1916 653 1996 quantaeque
675 1917 846 1976 nascantur
869 1910 1083 1988 difficultates,
1107 1909 1285 1976 videamus.
1316 1911 1467 1976 Primum

361 2038 471 2098 autem
502 2031 601 2100 Isiaea
627 2035 783 2118 mysteria
809 2052 960 2097 reveranc
985 2052 1048 2095 uno
1072 2030 1246 2116 codemque
1271 2031 1379 2097 ordine
1403 2035 1467 2098 sint

360 2153 504 2218 habenda
528 2173 562 2217 ac
586 2152 797 2230 Eleusiniam,
822 2151 994 2236 diligenter
1015 2153 1281 2217 examinabimus.
1302 2153 1401 2239 quue
1422 2155 1468 2218 sic

361 2275 525 2351 faciemus,
543 2279 580 2337 ut
595 2271 771 2338 Eleusiniis
787 2275 962 2360 mysteriis,
979 2272 1086 2358 qualia
1106 2277 1210 2337 aetate
1228 2271 1469 2339 celebrabantur

358 2397 577 2480 imperatoria,
601 2394 800 2458 adumbratis
825 2393 940 2458 Isiacos
963 2393 1086 2470 teletas,
1108 2414 1187 2478 quas
1209 2393 1377 2459 undecimo
1398 2393 1463 2460 Me·

363 2517 605 2600 tamorphoseon
624 2514 705 2580 libro
727 2515 869 2599 depinxit
890 2514 1057 2599 Apuleius,
1076 2536 1282 2600 opponamus.
1303 2515 1355 2581 Sic
1371 2519 1467 2594 enim,

364 2636 441 2722 quid
467 2639 551 2698 inter
573 2656 607 2698 se
630 2656 800 2699 commune
822 2635 1003 2712 habuerint,
1029 2636 1186 2720 quibusve
1208 2638 1242 2699 in
1266 2637 1361 2716 robus
1384 2639 1469 2700 inter

364 2779 397 2822 se
432 2757 670 2840 discrepuerint,
703 2755 865 2841 simulque
895 2758 929 2818 in
962 2755 1070 2820 Isiacis
1101 2762 1186 2820 certe
1216 2755 1323 2821 teletis
1354 2762 1468 2822 utrum

362 2879 451 2944 locus
474 2877 572 2942 fuerit
594 2879 734 2942 scenicae
758 2880 876 2942 actioni
900 2898 1008 2960 necne,
1033 2883 1146 2963 sponte
1170 2877 1301 2962 patebit.
1326 2877 1410 2943 Tum
1435 2885 1468 2944 et

363 3002 501 3064 rationes
513 3018 718 3082 exponemus,
733 3018 828 3083 quare
840 3019 879 3062 ne
891 3000 925 3061 in
938 2998 1146 3084 Aegyptiacis
1160 2998 1290 3082 quidem
1302 3001 1467 3086 mysteriis

364 3123 472 3185 omnia
494 3119 534 3184 ad
556 3117 779 3204 symbolorum
802 3120 1124 3183 communicationem
1148 3121 1214 3182 sint
1237 3120 1408 3184 referenda.
