3354 5262
743 501 787 566 ‘41

217 681 258 760 II,
285 679 366 749 170:
397 681 465 747 Εἰσί
494 681 526 746 δδ
556 681 608 747 καί
641 684 675 748 αί
705 682 809 763 ταφαὶ
832 685 886 748 τοῦ
910 685 963 750 ούιι
986 680 1062 748 ύσιον
1086 687 1231 761 ποιεῦμαι
1255 682 1306 747 ε’πί

217 801 338 884 τοιούτῳ
368 804 530 884 πρύγματι
563 801 753 885 ἐξαγορεύειν
776 804 811 869 τὸ
838 802 961 885 οὕνομα,
985 806 1016 869 ἐν
1040 805 1114 884 Σύῖ,
1138 805 1169 868 έν
1190 803 1232 885 τῷ
1258 803 1307 886 ab

216 933 272 999 τῆς
295 924 466 1004 Ἀθηναίης,
497 923 600 991 ύπισθε
631 929 685 992 τοῦ
717 930 796 1006 νηοῦ,
828 927 943 1000 παντὸς
973 931 1026 992 τοῦ
1059 925 1114 1002 τῆς
1146 925 1309 1004 Ἀθηναίης

215 1044 361 1128 ἒχθμεναι
393 1046 508 1126 τοίχου.
539 1047 590 1111 καί
622 1048 652 1112 ἐν
682 1047 723 1129 τῷ
753 1045 879 1125 τεμένεϊ
904 1047 1008 1126 θβελοί
1041 1048 1149 1114 έστῑισι
1172 1047 1308 1128 μεγοίλοι

215 1167 328 1248 λίθινοι,
350 1167 442 1245 λίμνη
466 1169 500 1233 τέ
526 1169 592 1233 εὀτι
617 1169 747 1250 ἐχομένη
772 1169 867 1251 λιθίνη
887 1169 1006 1250 κρηπῖδι
1027 1163 1237 1248 κεκοσμημένη
1257 1170 1308 1236 καί

217 1288 390 1368 ἐργασμένη
414 1285 448 1354 εύ
471 1289 582 1370 κύκλῳ,
602 1289 653 1356 καί
676 1290 824 1370 μέγαθος,
847 1291 885 1364 ὥς
911 1291 975 1369 ἐμοὶ
1001 1289 1110 1371 ε’δθιιεε,
1135 1287 1188 1367 ύση
1214 1291 1308 1372 περῆ

118 1431 120 1436 ’
217 1411 247 1475 έν
267 1411 360 1492 Δύλιρ
381 1413 398 1487 η
417 1409 587 1491 τροχοειδὴς
608 1411 781 1494 καλεομένη
793 1411 828 1494 ¹).
850 1409 925 1480 171.
945 1413 998 1478 Ἐν
1013 1413 1044 1478 δὲ
1057 1421 1095 1496 τῇ
1108 1413 1200 1495 λίμνη
1210 1409 1310 1496 ταύτη

219 1533 261 1598 τοὶ
285 1531 414 1607 δείκηλα
444 1538 502 1598 τῶν
533 1532 651 1598 παθέων
672 1535 767 1600 αύτού
792 1533 897 1606 ννκτδσ
922 1539 1040 1600 ποιεῦσι
1053 1533 1089 1616 ‚²),
1113 1535 1155 1600 sic
1181 1539 1308 1600 καλεῦσι

218 1655 370 1734 μυστήρια
393 1654 571 1732 Αἰγύπτιοι.
590 1654 656 1763 περί
676 1653 733 1733 μέν
752 1679 802 1720 ννν
820 1654 934 1722 τούτοιν
953 1655 1043 1722 είδθτι
1063 1680 1117 1735 μοι·
1135 1654 1185 1721 ε’πί
1206 1655 1309 1736 πλέον,

218 1777 255 1846 ὡς
278 1773 398 1842 ἕκαστα
423 1776 523 1847 αὐτῶν
546 1774 623 1862 ἔχει,
649 1773 787 1852 εὔστομα
813 1775 932 1861 νεέσθω,
958 1780 1046 1856 satis,
1070 1779 1190 1864 opinor,
1210 1783 1309 1864 patet,

119 1930 121 1934 ·
217 1899 380 1962 nocturnis
403 1895 490 1962 hisce
513 1899 713 1962 caerimoniis
736 1902 819 1964 stato
842 1904 983 1984 tempore
1007 1897 1200 1964 celebrandis
1222 1919 1311 1986 mag·

218 2039 297 2084 num
320 2016 464 2082 fidelium
486 2017 668 2084 interfuisse
690 2039 872 2085 numerum.
1036 2023 1039 2030 ‘
1315 2001 1316 2004 Ἴ

262 2138 379 2207 Oontra
400 2141 434 2204 in
456 2137 522 2204 illis
545 2141 749 2226 syncretismi
772 2140 970 2226 temporibus
992 2139 1086 2206 Isiaci
1105 2139 1211 2206 cultus
1230 2142 1311 2206 anti·

218 2263 308 2327 stites
340 2265 372 2326 et
403 2257 541 2326 Cerealis
572 2260 728 2346 quaedam
756 2263 840 2327 inter
868 2282 902 2327 se
930 2267 1093 2328 mutuatos
1123 2282 1199 2340 esse,
1223 2261 1309 2328 haud

216 2403 372 2470 negamus
384 2389 421 2464 ⁸).
451 2382 489 2448 In
518 2381 649 2468 templis
679 2381 801 2448 scilicet
826 2381 955 2450 Graecis
978 2403 1055 2450 vase
1077 2388 1201 2470 reperta
1224 2388 1310 2462 sunt,

217 2505 332 2588 quibus
362 2509 454 2569 notae
483 2505 655 2588 inscriptae
685 2507 761 2568 sunt
791 2505 1017 2591 Aegyptiacae,
1049 2507 1243 2592 numinaque
1264 2506 1311 2569 in-

216 2623 340 2710 sculpta
362 2626 570 2711 Aegyptiace.
594 2622 631 2689 Ia
654 2623 773 2688 tabulis
796 2626 915 2691 votivis
932 2627 1024 2690 iuxta
1043 2624 1309 2693 Graecaniccmm

215 2747 386 2811 numinum
409 2751 442 2810 et
465 2745 737 2830 Aegyptiacorum
760 2746 970 2811 inveniuntur
992 2749 1130 2811 nomina.
1155 2746 1309 2825 Fuerunt,

217 2869 272 2953 qui
301 2872 334 2933 et
363 2863 485 2934 Cereris
514 2867 636 2932 initiati
665 2865 729 2930 sint
758 2865 866 2930 teletis
896 2871 929 2930 et
950 2865 1053 2931 Isidis.
1079 2866 1252 2933 Hermione
1275 2871 1309 2934 in
1393 2861 1397 2870 ⁴

217 2987 331 3075 oppido
354 2990 447 3052 iuxta
469 2985 563 3053 Isidis
587 2985 679 3052 aedes
702 2988 798 3051 sacris
817 2989 851 3051 in
869 2987 985 3071 saeptis
1005 2991 1037 3051 et
1056 3007 1167 3076 arcana
1186 2985 1308 3054 Cereris

217 3109 449 3195 peragebantur
481 3127 578 3173 sacra.
614 3105 679 3172 Nec
713 3127 777 3172 non
812 3112 844 3172 et
878 3109 1046 3193 utriusque
1080 3109 1113 3172 in
1144 3107 1308 3195 religionis

215 3231 330 3295 ritibus
363 3228 597 3315 purificationes
631 3229 785 3313 invenias,
820 3230 950 3308 ieiunia,
986 3231 1081 3295 cistas
1115 3238 1307 3297 secretorum

216 3373 352 3438 capaces,
368 3351 463 3416 fidem
480 3349 608 3416 silentii.
624 3350 829 3417 Lactantium
841 3352 867 3431 ⁴)
882 3352 996 3436 igitur,
1008 3349 1145 3416 Minucii
1156 3350 1271 3417 Felicis
1282 3354 1309 3434 ³)

216 3494 322 3559 presso
352 3472 431 3559 pede
457 3476 602 3536 secutum
625 3475 764 3558 vestigia
777 3472 813 3552 6ρ,
838 3492 913 3536 cum
934 3469 1173 3537 Eleusiniomm
1196 3473 1310 3539 solem-

218 3597 310 3660 nium
321 3592 567 3677 'Isiacorumque
586 3594 793 3658 caerimonias
811 3591 974 3658 luctuosas
992 3593 1096 3671 modo,
1117 3614 1192 3658 mox
1210 3591 1310 3659 laetas

253 3807 276 3870 1)
293 3805 371 3856 Lacus
395 3805 438 3854 ille
454 3804 553 3854 Delicus
572 3803 733 3854 ocnxmx
749 3804 822 3870 pedes
839 3805 947 3870 anglicos
963 3804 1050 3869 longus
1068 3822 1096 3855 ac
1114 3804 1154 3855 00
1170 3822 1195 3872 p.
1204 3823 1227 3858 a.
1244 3807 1309 3857 latus

218 3894 278 3949 erat,
294 3889 325 3940 ci.
344 3887 518 3946 Μαύσωλε,
536 3885 657 3936 Herodots
673 3887 768 3936 circites
786 3887 855 3937 Buch
871 3903 895 3952 p.
915 3887 970 3936 591.

252 3971 277 4034 δ)
292 3970 419 4022 Eiusmodi
442 3970 559 4020 solemnis
580 3975 606 4020 et
627 3969 707 4035 Abydi
729 3969 832 4034 aliisque
854 3969 880 4019 in
904 3969 1005 4020 urbibus
1023 3970 1144 4021 celebrata
1162 3987 1222 4032 esee,
1238 3973 1311 4024 refert

219 4051 352 4114 Macrino,
368 4052 477 4102 Histoire
493 4052 608 4102 ancienne
625 4052 666 4101 des
682 4051 782 4116 peupies
799 4051 828 4100 de
844 4051 950 4101 l'Orient
966 4052 1093 4117 classique,
1110 4053 1309 4119 tom.1,p.clo.

253 4136 277 4197 8)
294 4136 323 4186 In
339 4135 494 4200 sequentibus
510 4135 629 4201 imprimis
646 4141 703 4185 ante
719 4135 802 4185 oculos
819 4135 894 4184 habui
910 4134 1062 4185 Drerlerium
1080 4135 1096 4185 i.
1108 4152 1128 4186 v.
1147 4136 1202 4196 Isis,
1214 4137 1231 4186 l.
1241 4137 1260 4188 1.

252 4220 277 4279 4)
293 4216 361 4267 Lact.
378 4216 434 4266 niv.
450 4215 511 4268 Inst.
529 4215 550 4278 Ι,
567 4217 606 4268 al.

254 4300 277 4362 i)
293 4299 354 4350 Min.
372 4299 422 4349 rel.
440 4298 494 4349 Oct.
512 4300 551 4350 al.

254 4381 278 4442 θ)
295 4381 331 4430 De
352 4380 480 4431 Lactantio
497 4381 602 4432 Minucii
619 4382 707 4432 Felicis
723 4383 845 4432 imitatore
862 4383 893 4432 ci.
910 4381 1004 4442 Eauar,
1022 4383 1086 4448 nllg.
1104 4383 1189 4434 Gesch.
1207 4384 1230 4432 d.
1249 4383 1309 4434 Litt.

223 4465 246 4514 ri.
263 4464 330 4514 Mitt.
347 4465 363 4514 i.
380 4464 498 4514 abenns
517 4471 576 4515 tom.
592 4465 613 4525 1,
630 4482 654 4530 p.
672 4465 711 4516 84.
