3354 5262
896 458 938 523 34

372 639 532 718 Videmus,
568 661 647 726 quae
682 640 721 704 ad
756 639 995 704 oblectationem
1037 640 1240 726 popularium
1274 661 1395 725 quaeve
1427 643 1461 704 in

373 759 463 825 divae
486 761 638 826 honorem
662 760 815 826 solemnia
838 761 923 826 fiant.
949 761 1019 827 Iam
1042 765 1251 848 sospitatricis
1274 761 1349 828 deae
1372 783 1463 848 pecu-

370 881 457 947 liaris
487 883 623 949 molitur
653 885 747 949 turba
761 881 796 966 ¹).
828 885 1006 950 Procedant
1037 884 1188 950 mulieres
1218 887 1305 950 viam
1332 883 1463 949 fioribus

372 1010 545 1070 sternentes
564 1005 747 1092 plateasque
766 1009 941 1093 unguentis
960 1011 1211 1092 conspergentes.
1227 1005 1367 1092 Magnus
1378 1025 1464 1090 prae

372 1131 457 1192 terea
491 1148 584 1193 sexus
618 1131 785 1214 utriusque
826 1149 978 1193 numerus
1016 1127 1116 1193 taedis
1150 1130 1247 1193 cereis
1281 1127 1465 1211 facibusque

373 1247 515 1312 siderum
544 1248 729 1314 coelestium
752 1251 884 1335 stirpem
906 1251 1088 1334 propitiant.
1112 1247 1327 1335 Symphoniae
1352 1248 1464 1313 dehine

374 1390 486 1435 suaves
528 1369 651 1436 fistulae
685 1372 844 1456 tibiaeque
884 1369 1024 1435 modulis
1058 1369 1251 1435 dulcissimis
1285 1375 1463 1458 personant.

373 1489 525 1576 Sequitur
546 1491 738 1557 lectissimae
760 1494 938 1557 iuventutis
961 1492 1093 1570 chorus,
1117 1497 1293 1576 sequuntur
1317 1498 1348 1556 61
1368 1491 1464 1556 dicati

371 1633 488 1699 magno
519 1611 630 1698 Sarapi
660 1615 815 1678 tibicines.
849 1613 980 1691 „Tunc”
1014 1650 1056 1660 —
1080 1615 1149 1698 ipsa
1171 1614 1248 1678 haec
1270 1618 1345 1677 sunt
1367 1613 1463 1678 rerba

374 1737 535 1818 scriptoris
567 1770 609 1782 -
642 1735 801 1811 „influunt
830 1737 941 1800 turbae
967 1737 1063 1800 saeris
1086 1735 1201 1801 divinis
1224 1737 1378 1813 initiatae,
1402 1735 1465 1799 viri

374 1857 572 1940 feminaeque
603 1859 706 1922 omnis
729 1857 894 1944 dignitatis
918 1863 950 1922 et
972 1860 1076 1923 omnis
1098 1857 1233 1923 aetatis’'
1247 1855 1284 1938 ²).
1308 1856 1399 1936 Quod
1419 1858 1464 1920 616

374 1981 481 2055 vertit,
505 1978 678 2044 Betolaudo
703 1985 881 2065 praeeunte,
902 1979 1052 2044 Lafaeus:

421 2101 535 2178 „Alors
565 2104 695 2168 arrivait
718 2103 737 2166 a
759 2101 830 2166 flots
860 2101 981 2187 presses
1011 2100 1043 2164 la
1072 2099 1159 2165 foule
1190 2099 1244 2164 des
1270 2099 1377 2164 initias
1401 2119 1464 2164 aux

374 2222 478 2287 divins
500 2225 666 2309 mystdres,
691 2222 745 2288 des
767 2223 913 2288 hommes
940 2228 973 2287 et
995 2222 1049 2286 des
1072 2222 1206 2286 femmas
1229 2220 1266 2286 de
1289 2225 1360 2285 tout
1382 2241 1464 2306 rang

375 2351 406 2409 et
429 2345 467 2410 (16
491 2350 562 2410 tout
586 2345 666 2432 hge''
682 2349 715 2424 ³),
1240 2435 1243 2440 .

418 2487 474 2530 nae
498 2466 631 2541 dubitat,
656 2469 732 2551 quin
755 2488 788 2530 re
812 2488 887 2532 vera
909 2469 1020 2552 magni
1038 2466 1091 2530 hic
1113 2468 1233 2530 mantio
1252 2465 1308 2530 fiat
1326 2466 1462 2529 numeri.

373 2587 492 2652 Verum
522 2591 550 2652 si
581 2589 823 2666 consideramus,
856 2587 1028 2673 Apuleium
1061 2591 1096 2652 111
1129 2591 1233 2653 maius
1264 2609 1313 2652 res
1345 2607 1462 2672 augere

333 2755 337 2762 -
370 2731 565 2794 numeroque
599 2709 716 2795 plurali
746 2710 838 2775 valde
869 2709 1007 2796 gaudere
1020 2709 1063 2790 ⁴),
1097 2711 1202 2775 verbis
1236 2709 1328 2773 modo
1356 2707 1462 2772 allatis

372 2853 527 2917 magnum
550 2854 612 2896 non
634 2833 811 2896 tribuamus
834 2838 1045 2909 momentum,
1066 2835 1253 2916 cautiusque
1271 2831 1377 2896 locum
1395 2851 1462 2895 esse

370 2957 616 3039 interpretatum
650 2953 685 3017 P.
720 2953 905 3019 Mououaux
945 2955 1150 3031 censebimus,
1186 2975 1227 3018 sc.
1265 2953 1318 3031 „la
1350 2959 1462 3039 troupe

371 3078 472 3140 sainte
496 3076 549 3140 (166
571 3057 700 3140 11111166”
714 3077 751 3156 ⁵).
775 3076 880 3160 Atque
900 3075 1064 3140 commode
1084 3075 1120 3140 fit
1139 3082 1176 3140 ut
1195 3077 1373 3140 narratione
1394 3095 1464 3160 pro·

372 3197 509 3273 cedente,
541 3195 769 3261 documentum
800 3197 902 3275 detur,
915 3277 920 3289 ι
934 3196 1010 3281 quid
1041 3197 1103 3260 sibi
1126 3197 1254 3260 tandem
1278 3195 1356 3262 velit
1379 3194 1463 3282 apud

373 3318 546 3404 Apuleium
565 3340 717 3383 numerus
737 3318 881 3404 pluralis.
902 3319 1023 3404 Nempe
1038 3319 1156 3384 Lucius
1168 3324 1337 3405 postquam
1349 3319 1462 3385 faeiem

372 3443 570 3526 recuperavit
593 3441 767 3505 humanam
792 3439 924 3525 „populi
946 3425 1104 3505 mirantur
1127 3478 1169 3489 -
1192 3447 1260 3506 tam
1283 3440 1462 3506 evidentem

371 3565 505 3628 maximi
527 3565 666 3627 numinis
686 3563 882 3648 potentiam’'
896 3569 933 3642 ⁰),
952 3565 1028 3639 im0‚
1049 3585 1123 3628 cum
1142 3565 1264 3650 agmini
1283 3565 1461 3648 permixtus

369 3684 519 3770 religioso
552 3687 724 3750 sacrarium
755 3687 971 3762 comitaretur,
1003 3707 1133 3762 „omnes
1165 3689 1199 3750 in
1232 3685 1318 3763 me’',
1345 3691 1383 3750 ut
1407 3686 1461 3761 ait,

376 3805 545 3814 ψ

404 3852 428 3912 l)
444 3852 505 3900 Met.
522 3850 564 3909 XI,
583 3852 606 3900 9.
854 3850 878 3913 11)
895 3849 956 3900 Mat.
973 3849 1016 3909 XI,
1034 3852 1073 3900 10.

404 3935 428 3994 3)
446 3933 599 3990 (11166616,
617 3932 681 3980 Hist.
699 3933 722 3980 d.
740 3933 803 3982 culte
821 3933 862 3981 (166
880 3933 928 3982 div.
947 3933 1039 3982 d’Alex.
1056 3950 1080 3997 p.
1098 3933 1155 3982 122.

403 4018 427 4076 4)
445 4015 482 4064 uf.
500 4033 521 4064 6.
535 4031 557 4079 g.
581 4014 640 4064 Met.
658 4014 707 4074 ΙΙΙ,
731 4015 763 4064 24
781 4031 850 4063 aures
873 4015 1051 4064 immodicis
1073 4015 1219 4079 horripilant
1242 4015 1403 4073 auctibus3
1431 4008 1462 4064 Sl

369 4093 458 4158 instem
474 4097 566 4146 cunetis
589 4097 775 4156 vastiorem,
799 4095 840 4156 IV,
866 4097 1030 4146 1411161161
1048 4113 1076 4146 ac
1092 4097 1154 4146 tales
1170 4098 1277 4146 latrones
1294 4103 1319 4146 61
1339 4097 1465 4145 horren·

366 4181 439 4229 ‘dum
464 4180 679 4243 gladiatorum
708 4179 870 4244 populum,
895 4178 923 4237 V,
948 4180 979 4228 15
1003 4181 1113 4241 (sorores)
1135 4180 1277 4229 balnearum
1294 4177 1464 4244 vaporosis

370 4263 513 4312 fontibus
531 4268 634 4318 curatas.
652 4262 695 4321 VI,
712 4263 742 4311 15
760 4262 894 4311 libratis
910 4262 1039 4326 pinnarum
1055 4263 1194 4312 nutantium
1212 4265 1365 4314 molibus.

406 4349 428 4407 5)
445 4347 472 4396 Ρ.
490 4347 647 4405 Monourux,
666 4345 758 4410 Apulia
776 4346 901 4410 magicien,
916 4361 941 4409 p.
957 4346 1017 4404 5955
1032 4343 1464 4410 1166116,116616161116366279.

412 4431 436 4490 d)
453 4429 513 4478 Mat.
532 4429 574 4488 XI,
593 4428 630 4477 13.
