3354 5262
655 511 791 575 '31

218 696 252 756 in
284 693 377 756 rebus
408 694 556 778 mysticis
587 713 684 775 quam
708 695 934 769 versatissimo,
959 693 1119 756 rhetorem
1144 693 1213 757 dico
1237 694 1321 756 Aris-

219 812 329 878 tidem.
364 811 460 897 Apud
494 833 590 896 quem
631 815 665 876 in
700 811 787 878 Orat.
826 793 915 878 XIX.
952 813 1010 879 Ed.
1046 812 1141 878 Dind.
1183 821 1261 878 tom.
1294 812 1320 890 Ι,

220 957 251 1020 p.
276 932 455 1000 415-417
479 955 554 1000 cum
576 933 735 1020 legimus:

261 1056 320 1128 Τίς
333 1057 397 1136 γὰρ
412 1055 567 1129 Ἐλλήνων
580 1055 597 1130 ἢ
611 1057 659 1126 σῖς
673 1055 841 1135 βαρβθρυν
855 1051 930 1120 οῦτυ
943 1055 1050 1127 σκαιὸς
1063 1055 1080 1131 ἢ
1093 1057 1229 1133 ἀνήκοος,
1243 1053 1260 1130 ὑ
1273 1056 1321 1128 οῖς

221 1171 296 1241 οῦτα
316 1176 436 1256 σφθῦρα
457 1173 512 1250 ἔξω
526 1181 580 1248 σῦς
594 1183 652 1253 γῆς
667 1175 683 1250 ἣ
698 1177 777 1260 θεοῖν,
792 1176 808 1250 ἢ
823 1175 1000 1252 συλλήβδην
1014 1177 1110 1241 εἰπεῖν
1124 1183 1226 1241 καλῶν
1239 1179 1323 1242 αναί-

221 1300 339 1374 σθνρσος,
349 1333 392 1346 -
401 1293 484 1368 ὑστνς
494 1297 526 1360 οὑ
539 1297 630 1360 κοννθν
644 1319 674 1360 το
687 1304 742 1372 σῦς
755 1307 815 1374 γῆς
827 1298 952 1375 τέμενος
965 1301 1019 1372 σὺν
1027 1301 1191 1362 Ἐλευσῖνα
1206 1297 1322 1376 ἡγεῖτο,

222 1419 275 1484 καὶ
300 1418 424 1483 σθνσεον
447 1414 505 1482 ὑσα
530 1419 597 1483 θεῖα
620 1399 793 1499 οξνθρθσονς,
817 1419 915 1485 ταὺτὸ
939 1419 1186 1500 Φρννυὺθσσατθν
1211 1443 1244 1483 τε
1270 1420 1322 1484 καῖ

222 1538 447 1621 <harmiscaram
481 1538 537 1603 σῖνν
570 1538 687 1620 δ’θλλῳ
719 1539 820 1620 χορίῳ
851 1539 994 1617 θροθθον
1018 1546 1123 1621 Φῦμαν
1150 1541 1325 1617 θαυμαστό-

222 1684 297 1740 τερα
328 1660 521 1740 ε’Φὺμννρσαν,
549 1660 566 1734 ἢ
592 1660 634 1724 σοὶ
663 1659 800 1738 δρώμενα
823 1660 918 1742 μεῖζον
944 1660 1021 1740 ἔσχε
1045 1664 1099 1735 νῦν
1124 1659 1282 1739 ἔκπληξιν,
1306 1662 1323 1736 ἢ

222 1785 345 1858 μᾶλλον
369 1781 412 1853 εἰς
437 1779 614 1862 ε’φοὺρονλλον
638 1781 775 1856 κατέσσν
800 1790 870 1853 ταῖς
895 1783 1002 1853 οῖκοαῖς
1026 1783 1069 1847 rei
1090 1783 1241 1862 θρθμενα;
1266 1779 1324 1847 ὑσα

223 1903 280 1980 μὲν
315 1901 350 1977 tt,
385 1902 455 1975 θέας
492 1901 629 1983 ἕχθμενοι
659 1897 739 1966 εἷὺον
770 1902 876 1979 γενεαὶ
909 1905 1109 1979 παμπληθεῖς
1141 1903 1325 1981 εὑὺανραθνυν

223 2022 335 2102 ἀνδρῶν
365 2024 416 2087 καὶ
450 2030 600 2100 γυναικῶν
631 2025 661 2088 ἐν
689 2031 752 2095 τοῖς
778 2024 914 2105 οῖρρθτονς
937 2023 1124 2104 φοῖσραασον·
1149 2017 1171 2088 οὑ
1195 2024 1265 2096 δἐἲς
1290 2027 1325 2089 τὸ

223 2144 316 2218 μέσον
340 2143 463 2218 corceat
488 2143 540 2208 cal
567 2143 719 2220 λογοποιοὶ
746 2143 798 2208 καὶ
823 2151 1025 2225 συγγραφεῖς
1050 2145 1164 2218 νοοῦντες
1191 2147 1325 2224 ὑμνοῦσι,
1431 2227 1434 2232 ,

223 2262 309 2343 κθρνν
332 2265 387 2338 σὺν
408 2264 570 2343 Δήμητρος
590 2267 698 2344 αὶφανῦ
719 2265 863 2342 γενέσθαι
882 2265 988 2347 χρόνον
1008 2263 1090 2330 ἔστιν
1111 2259 1151 2344 ὃν,
1173 2269 1326 2348 Δήμητρα

223 2383 438 2466 δ’ἕπέρχεσθαν
458 2391 517 2462 γῆν
538 2389 646 2450 σοῦσον
667 2385 717 2450 καὶ
739 2387 903 2450 θάλατταν
923 2386 1074 2468 ζητοῦσαν
1092 2389 1145 2460 νῦν
1158 2388 1324 2474 θυγατέρα,

223 2504 296 2578 σεύς
329 2506 385 2582 μὲν
417 2499 466 2568 οὑν
492 2506 551 2585 οὑχ
575 2502 640 2569 οῖαν
663 2531 697 2570 σε
722 2502 799 2571 εἶναι
823 2508 927 2592 εὑρεῖν,
955 2508 1100 2572 ἐλθοῦσαν
1125 2509 1198 2582 δἐῖς
1223 2513 1328 2575 Ἐλευ-

222 2634 291 2691 σῖνα
314 2629 368 2701 τήν
388 2651 422 2691 σε
444 2628 619 2704 ἐπωνυμίαν
640 2627 740 2692 ὑοῦναν
762 2630 803 2708 τῷ
824 2629 909 2708 τόσῳ
930 2630 982 2693 καὶ
1003 2632 1058 2705 νῦν
1077 2630 1164 2710 κθρνν
1184 2633 1327 2710 εὑροῦσαν

222 2756 346 2822 ποιῆσαν
378 2747 419 2812 τοῦ
452 2750 622 2828 μυστήρια·
656 2749 708 2812 καὶ
743 2747 885 2825 γενέσθαι
919 2751 953 2825 δῦ
978 2749 1028 2814 rto
1052 2759 1135 2815 σῖτον
1159 2755 1244 2833 νεαροῦ
1269 2753 1326 2831 μὲν

221 2877 292 2933 ταῖν
313 2870 395 2934 θεαῖν
414 2877 476 2941 τοῖς
499 2868 678 2950 Ἀθαναίοις,
700 2871 785 2950 παρὰ
807 2870 837 2934 ὑὲ
856 2877 914 2936 σοῖν
934 2871 1100 2947 Ἀθηναίων
1121 2874 1171 2935 καῖ
1188 2875 1322 2948 Ἕλλησι

222 2990 273 3054 καὶ
298 2990 487 3070 βαρβάροις·
510 3028 551 3039 -
574 2991 625 3055 nal
650 2991 767 3063 σοὺσοος
792 2992 903 3064 Κελεθς
928 3017 963 3057 τε
988 2993 1040 3057 καὶ
1065 2993 1243 3074 Μεσοθνενρα
1269 2995 1321 3059 καῖ

221 3111 434 3191 Τρνπσθλεμος
455 3110 697 3192 ἐντιφνμῖζονταο
717 3111 768 3176 καὶ
786 3109 916 3192 οῦρροασα
933 3113 967 3188 δὴ
986 3113 1152 3194 ὑρααθνσαν
1166 3115 1323 3196 ὑσθσσερα

222 3235 294 3311 ὑπὲρ
320 3232 423 3308 σοῦσον
448 3241 507 3310 γῆς
534 3233 586 3298 καῖ
613 3233 771 3308 θαλθσσνρ
798 3234 973 3315 Φερθμενα·
1000 3273 1042 3284 -

266 3356 352 3433 hacc,
373 3355 453 3432 dico,
475 3377 548 3420 cum
569 3353 719 3441 legimus,
741 3377 844 3422 nonne
862 3357 1041 3422 luculenter
1060 3363 1158 3442 patet,
1176 3359 1227 3422 hic
1240 3361 1336 3423 inter*

221 3497 254 3542 se
282 3480 408 3563 opponi,
434 3498 514 3562 quae
537 3477 591 3543 vel
614 3478 755 3561 profanis
778 3480 988 3554 innotescant,
1015 3500 1158 3563 quaeque
1182 3500 1238 3542 nec
1263 3480 1325 3541 nisi

221 3601 425 3663 initiatorum
460 3599 673 3662 subiicientur
708 3595 829 3662 oculisl
865 3598 986 3663 Fabula
1023 3607 1132 3664 autem
1165 3600 1202 3663 de
1234 3596 1324 3674 Ocra,

220 3719 321 3805 deque
351 3717 462 3796 Celso,
495 3717 668 3796 Metanira,
701 3718 900 3804 Triptolemo
931 3719 1014 3784 nulli
1044 3742 1107 3785 non
1137 3724 1213 3783 nota
1244 3725 1322 3796 erat,

221 3860 323 3926 neque
353 3861 546 3926 magnopere
578 3843 732 3904 commoti
763 3846 876 3923 essent,
909 3843 1031 3924 opinor,
1062 3847 1198 3926 mystae,
1231 3842 1258 3902 si
1290 3859 1326 3903 ea

222 3966 350 4025 tantum
369 3961 587 4046 adspexissent
606 3980 686 4045 quae
706 3962 891 4044 saepissime
907 3959 1082 4027 audierant.
1111 3961 1177 4026 Nec
1194 3958 1327 4024 occultis

221 4082 348 4160 fabulis,
368 4103 547 4167 parumque
566 4118 608 4130 —
621 4086 732 4145 utnon
745 4101 761 4144 e
774 4079 966 4146 Christianis
979 4087 1108 4146 tanturn
1121 4082 1327 4166 scriptoribus

224 4204 447 4288 cognoscimus
466 4241 508 4252 -
529 4203 672 4268 honestis
688 4197 713 4279 ¹)
737 4203 771 4263 in
791 4221 956 4266 summum
977 4203 1185 4267 beatitudinis
1206 4206 1328 4265 statum

258 4385 282 4445 l)
307 4383 436 4443 Foucnsr,
459 4401 482 4448 p.
501 4384 532 4435 47
557 4385 627 4432 affert
650 4380 741 4445 Hymn.
764 4382 833 4446 orph.
856 4381 919 4440 XLI,
946 4384 1023 4441 5-e;
1048 4385 1079 4432 ol.
1103 4389 1127 4431 ct
1144 4381 1224 4430 Procl.
1241 4380 1327 4429 Theol.

224 4465 289 4516 Plat.
308 4465 349 4525 Vl,
368 4466 527 4532 11,p,871;
546 4467 574 4515 ln
594 4466 658 4513 Plat.
677 4462 742 4511 Crat.
761 4479 784 4526 p.
802 4464 842 4512 90.
