3354 5262
705 507 746 572 67

228 688 321 774 Apud
343 686 599 772 Theophrastum
621 707 648 750 e.
668 707 701 772 g.
722 686 818 750 horno
838 685 986 752 credulus
1005 691 1099 772 atque
1119 687 1274 753 sollicitus

181 812 215 874 in
238 810 383 895 Orphicis
407 807 513 873 teletis
530 807 553 889 l)
577 828 738 872 summam
759 829 847 893 spem
867 810 958 893 ponit
978 807 1100 887 salutis,
1121 808 1192 877 Oar.
1215 808 1273 873 16:

181 933 239 997 Kal
273 930 527 1008 τελεσδνσδμενοσ
559 936 615 1011 (sc.
648 931 661 994 ὂ
686 931 892 1012 δεισιδαίμων)
917 930 986 1010 πρὸς
1012 931 1081 1002 τοὺς
1107 934 1274 1012 Ὀρφεοτε-

180 1056 297 1125 λεστοὶς
331 1054 416 1118 κατὰ
447 1061 532 1130 μῆνα
564 1051 741 1132 πορεύεσθαι
772 1052 858 1127 μετὰ
889 1060 942 1127 τῆς
975 1053 1134 1130 γυναικός·
1167 1054 1220 1118 ἐὰν
1244 1051 1274 1116 δὲ

180 1177 224 1253 μὴ
258 1175 400 1258 σχολάζῃ
425 1181 442 1252 ἡ
467 1177 554 1253 γυνή,
580 1176 662 1251 μετὰ
688 1181 742 1246 τῆς
767 1177 868 1247 τιτθῆς
893 1174 945 1238 καὶ
971 1181 1028 1239 τῶν
1052 1174 1176 1241 παίδων.
1212 1175 1276 1240 Sci-

180 1297 256 1363 licet
287 1301 464 1363 initiatores
493 1296 544 1361 illi
567 1299 669 1362 varias
694 1317 727 1361 se
750 1319 839 1362 nosse
864 1318 902 1362 cx
927 1295 1045 1381 Orphei
1067 1296 1158 1362 libris
1182 1299 1276 1362 caeri-

181 1422 304 1484 monias
338 1419 568 1505 profitebantur
602 1417 761 1500 lustrales,
799 1420 916 1502 quibus
950 1424 983 1483 et
1017 1421 1107 1483 vivos
1141 1425 1173 1483 et
1205 1421 1275 1483 vite

183 1541 347 1606 defunctos
379 1562 397 1604 a
427 1545 629 1626 peccatorum
656 1541 766 1624 poenis
788 1537 923 1604 liberare
946 1544 1085 1624 possent,
1109 1538 1149 1602 cf.
1172 1537 1276 1604 Plato

182 1666 231 1727 nie
253 1662 361 1728 locum
384 1665 590 1727 notissimum
614 1660 661 1725 De
685 1661 818 1746 repub.
842 1659 884 1738 ΙΙ,
907 1682 938 1744 p.
963 1659 1028 1725 364
1053 1682 1116 1745 sq.:
1141 1661 1275 1741 οὶγύοται

183 1785 213 1850 δὲ
247 1786 299 1850 καὶ
332 1783 461 1862 μάντεις
494 1823 536 1834 -
569 1783 691 1861 βίβλων
717 1783 747 1846 δὲ
771 1777 882 1860 ὅμαδον
906 1784 1096 1863 παρέχονται
1121 1786 1278 1848 Μουσαίου

184 1907 236 1971 καὶ
264 1905 415 1987 Ὀρφέως,
441 1909 576 1980 Σελήνης
597 1930 632 1969 τε
652 1903 703 1969 καὶ
723 1911 853 1969 Μουσῶν
873 1904 1017 1982 ἐγγόνων,
1039 1901 1075 1976 ὥς
1095 1910 1191 1984 Φασι,
1212 1907 1280 1969 καθ’

183 2019 221 2100 ἃς
254 2032 436 2101 δυνσολοῦσι
467 2027 619 2099 πείθοντες
648 2028 680 2091 οὐ
704 2026 792 2104 μόνον
817 2026 949 2105 ἰδιώταις,
974 2026 1061 2091 ἄλλα
1085 2028 1137 2091 καὶ
1162 2028 1277 2114 πόλεις,

180 2155 219 2223 cir
252 2149 311 2230 alpe
335 2150 448 2224 λύσεις
482 2175 517 2214 τε
549 2151 600 2213 καὶ
626 2149 774 2228 καθαρμοὶ
800 2149 997 2226 οξδικνμοὶτων
1022 2149 1072 2214 διοὶ
1098 2152 1201 2215 θυσιῶν
1227 2150 1278 2214 καὶ

182 2271 346 2352 παιδιᾶςῗ)
379 2272 484 2347 ἡδονῶν
518 2272 574 2337 εἰσὶ
607 2271 662 2348 μὲν
694 2269 738 2335 ἔτι
771 2269 867 2350 ζῶσιν,
900 2272 956 2336 εἶσὶ
989 2271 1021 2336 δὲ
1053 2271 1105 2336 καὶ
1130 2275 1277 2348 τελευτή-

184 2421 283 2475 σασιν,
307 2387 344 2467 οδτ
369 2395 403 2468 δὴ
426 2393 558 2465 τελετὰς
583 2397 738 2472 καλοῦσιν,
762 2391 794 2458 αἱ
815 2401 872 2458 τῶν
892 2394 957 2459 ἐκεῖ
974 2401 1074 2458 κακῶν
1093 2397 1277 2461 ἀπολύουσιν

187 2523 281 2597 ἡμᾶς,
318 2521 361 2597 μὴ
398 2519 552 2588 θύσαντας
590 2516 621 2580 δὲ
656 2515 738 2581 δεινοὶ
770 2516 931 2596 περιμένει.
968 2514 1218 2583 Commodabant
1247 2523 1279 2582 et

187 2641 394 2730 phylacteria,
428 2660 565 2725 quorum
596 2637 748 2703 nonnulla
777 2641 810 2702 in
842 2637 1019 2723 sepulchris
1049 2645 1173 2724 reperte
1205 2645 1280 2704 sunt

188 2765 370 2849 specimina,
403 2761 442 2826 cf.
474 2764 512 2824 A.
546 2760 731 2837 Dmruaron,
761 2759 886 2844 Nekya,
909 2782 940 2845 p.
966 2757 1008 2823 85
1033 2781 1089 2844 sq„
1121 2760 1281 2840 Fercem,

188 2884 287 2949 Mem.
323 2882 361 2948 de
392 2880 512 2947 l’Acad.
546 2881 600 2946 des
631 2880 738 2963 lusce,
771 2889 847 2946 tom.
880 2879 1015 2958 XXXV,
1049 2881 1109 2945 21110
1134 2889 1227 2966 pert,
1252 2906 1283 2969 p.

189 3002 332 3071 66-71.
356 3004 398 3069 lit
420 3005 649 3069 incantationes
674 3003 901 3088 concipiebant,
927 3003 1043 3088 quibus
1067 3007 1197 3088 quaevis
1216 3025 1284 3090 per-

189 3129 244 3213 agi
273 3147 364 3212 posse
395 3125 480 3191 fama
511 3125 641 3202 ferebat,
673 3125 711 3190 cf.
744 3123 821 3188 Elur.
854 3122 944 3210 chl.
977 3123 1043 3188 646
1058 3121 1093 3200 ³).
1138 3125 1282 3212 Denique

189 3249 287 3314 nullis
317 3270 378 3313 non
410 3250 533 3314 artibus
563 3250 698 3334 magicis
730 3268 858 3332 operam
890 3268 1022 3312 navasse
1053 3247 1216 3334 Orphicos,
1229 3270 1281 3312 ex

191 3369 402 3456 Orphicorum
424 3371 580 3437 librorum
604 3373 680 3435 setis
703 3375 833 3456 apparet
855 3369 1000 3455 reliquiis
1012 3366 1049 3453 4).

229 3586 252 3647 1)
278 3583 315 3634 cf.
337 3583 365 3632 L.
388 3583 497 3631 (leonori
520 3582 544 3630 in
568 3581 733 3646 copiosissime
756 3580 785 3629 de
807 3579 891 3644 Megia
914 3579 1078 3644 disputatione
1101 3579 1198 3640 Pauor,
1214 3581 1285 3630 Reel·

195 3668 294 3733 Encvcl.
312 3667 336 3716 d.
353 3667 424 3715 class.
440 3663 749 3723 hltertumerviesenechaft,
766 3671 826 3713 tom.
844 3663 888 3723 IV,
901 3679 925 3728 p.
941 3663 1017 3711 1413:
1035 3663 1094 3722 „Boi
1109 3664 1155 3713 den
1169 3664 1287 3714 Griechen

196 3750 251 3799 tritt
273 3749 311 3798 die
334 3748 488 3797 zacheriache
512 3748 672 3811 Behendlung
695 3748 737 3796 der
755 3747 840 3796 Go'tter
856 3774 889 3783 -
906 3747 1021 3794 zuntchst
1039 3747 1064 3795 in
1081 3747 1127 3795 den
1144 3747 1287 3812 orphiechen

197 3830 298 3880 Weihen
318 3858 348 3867 —
366 3831 417 3889 auf,
434 3829 523 3878 welche
541 3829 643 3892 genain
661 3829 704 3876 des
722 3827 808 3876 Gebict
825 3828 866 3876 dee
884 3828 988 3876 Zeubers
1005 3829 1133 3892 gehhren”.

231 3914 257 3974 2)
275 3913 312 3962 Gi.
329 3912 435 3977 uuthyd.
453 3928 477 3976 p.
495 3909 573 3962 277d:
598 3909 704 3972 καὶγὰρ
723 3907 773 3957 ἐκεῖ
788 3909 832 3972 (sc.
851 3909 876 3957 in
892 3908 1056 3973 Corybantum
1071 3911 1164 3975 teletis)
1178 3912 1288 3974 χορηγία

198 3996 238 4053 τίς
255 3992 312 4044 ἔστι
330 3994 371 4042 καὶ
389 3992 485 4052 nareae,
504 3991 525 4041 ri
543 3991 590 4053 δρα
607 3991 648 4040 καὶ
665 3990 806 4039 τετέλεσαι.
830 3990 912 4054 Neque
929 3992 972 4040 ebe
989 4008 1014 4039 re
1031 3992 1085 4052 crit,
1102 3993 1233 4057 Apuleium
1249 3994 1289 4042 hic

198 4079 298 4128 laudere
322 4078 351 4126 de
373 4077 459 4126 Isiacis
483 4077 564 4125 teletis
587 4075 651 4124 idern
668 4079 807 4132 testantem,
826 4073 886 4122 Met.
904 4073 946 4132 XI,
964 4073 1008 4124 24:
1027 4074 1121 4123 Exhinc
1138 4075 1164 4136 (i.
1182 4092 1202 4123 e.
1220 4083 1289 4125 nocte

199 4178 267 4210 sacra
290 4163 397 4225 peracte)
420 4159 578 4208 festissimum
601 4156 721 4206 celebravi
743 4155 851 4203 natalem
874 4171 996 4204 sacrorum
1019 4163 1043 4206 et
1060 4173 1145 4206 sueves
1163 4159 1249 4222 epulae
1266 4165 1290 4208 et

201 4245 281 4292 facete
297 4242 416 4292 convivia.

233 4324 259 4388 3)
283 4324 319 4373 cf.
343 4331 368 4374 et
391 4339 451 4387 quae
475 4323 506 4371 etl
528 4323 593 4372 hune
616 4338 711 4372 versum
735 4320 872 4370 observavit
889 4321 919 4371 (l.
936 4321 965 4370 R.
983 4322 1007 4371 S.
1024 4323 1113 4384 Mueu,
1131 4323 1249 4388 Orpheus,
1267 4341 1291 4389 p.

202 4408 230 4455 51
250 4423 285 4472 eq.
696 4461 698 4464 ¹

235 4491 260 4549 4)
277 4489 313 4538 cf.
331 4489 442 4547 Louncx,
461 4487 514 4551 egl.
531 4487 574 4537 lib.
589 4488 615 4536 II
633 4489 662 4536 de
679 4486 800 4551 Orphicis.
