<?xml version="1.0" encoding="UTF-8"?>
<!DOCTYPE html PUBLIC "-//W3C//DTD XHTML 1.0 Transitional//EN"
    "http://www.w3.org/TR/xhtml1/DTD/xhtml1-transitional.dtd">
<html xmlns="http://www.w3.org/1999/xhtml" xml:lang="en" lang="en">
 <head>
  <title>
</title>
<meta http-equiv="Content-Type" content="text/html;charset=utf-8" />
  <meta name='ocr-system' content='tesseract 3.04.00' />
  <meta name='ocr-capabilities' content='ocr_page ocr_carea ocr_par ocr_line ocrx_word'/>
</head>
<body>
  <div class='ocr_page' id='page_1' title='image "./deapuleioisiaco00jonggoog_0146.png"; bbox 0 0 3350 5264; ppageno 0'>
   <div class='ocr_carea' id='block_1_1' title="bbox 720 477 854 542">
    <p class='ocr_par' dir='ltr' id='par_1_1' title="bbox 720 477 854 542">
     <span class='ocr_line' id='line_1_1' title="bbox 720 477 854 542; baseline 0.015 -1"><span class='ocrx_word' id='word_1_1' title='bbox 720 477 781 542; x_wconf 80' lang='lat'><strong>131</strong></span> <span class='ocrx_word' id='word_1_2' title='bbox 853 492 854 495; x_wconf 76' lang='grc'>’</span> 
     </span>
    </p>
   </div>
   <div class='ocr_carea' id='block_1_2' title="bbox 160 659 1372 2928">
    <p class='ocr_par' dir='ltr' id='par_1_2' title="bbox 160 659 1372 2928">
     <span class='ocr_line' id='line_1_2' title="bbox 206 659 1300 748; baseline 0.009 -28"><span class='ocrx_word' id='word_1_3' title='bbox 206 678 338 742; x_wconf 90' lang='lat' dir='ltr'><strong>propere</strong></span> <span class='ocrx_word' id='word_1_4' title='bbox 369 659 465 723; x_wconf 90' lang='lat' dir='ltr'><strong>abire.</strong></span> <span class='ocrx_word' id='word_1_5' title='bbox 503 659 589 737; x_wconf 76' lang='lat' dir='ltr'><strong>Quae</strong></span> <span class='ocrx_word' id='word_1_6' title='bbox 618 661 652 722; x_wconf 94' lang='lat' dir='ltr'><strong>in</strong></span> <span class='ocrx_word' id='word_1_7' title='bbox 684 659 780 746; x_wconf 82' lang='lat' dir='ltr'><strong>adyto</strong></span> <span class='ocrx_word' id='word_1_8' title='bbox 802 665 1003 747; x_wconf 77' lang='lat' dir='ltr'>peragantur,</span> <span class='ocrx_word' id='word_1_9' title='bbox 1029 684 1064 727; x_wconf 88' lang='lat' dir='ltr'><strong>ea</strong></span> <span class='ocrx_word' id='word_1_10' title='bbox 1087 665 1234 748; x_wconf 89' lang='lat' dir='ltr'><strong>profanos</strong></span> <span class='ocrx_word' id='word_1_11' title='bbox 1257 666 1300 730; x_wconf 89' lang='lat' dir='ltr'><strong>la-</strong></span> 
     </span>
     <span class='ocr_line' id='line_1_3' title="bbox 205 782 1297 864; baseline 0.007 -22"><span class='ocrx_word' id='word_1_12' title='bbox 205 784 294 844; x_wconf 88' lang='lat' dir='ltr'><strong>teant</strong></span> <span class='ocrx_word' id='word_1_13' title='bbox 329 784 488 864; x_wconf 87' lang='lat' dir='ltr'><strong>oportere;</strong></span> <span class='ocrx_word' id='word_1_14' title='bbox 525 785 748 846; x_wconf 79' lang='lat' dir='ltr'><strong>verumtamen</strong></span> <span class='ocrx_word' id='word_1_15' title='bbox 778 783 861 860; x_wconf 82' lang='grc' dir='ltr'><em>φασί</em></span> <span class='ocrx_word' id='word_1_16' title='bbox 893 807 968 847; x_wconf 85' lang='grc' dir='ltr'><em>τοτε</em></span> <span class='ocrx_word' id='word_1_17' title='bbox 998 782 1146 863; x_wconf 82' lang='grc' dir='ltr'><em>οἰνθροιιον</em></span> <span class='ocrx_word' id='word_1_18' title='bbox 1177 789 1208 852; x_wconf 81' lang='grc' dir='ltr'><strong>οὐ</strong></span> <span class='ocrx_word' id='word_1_19' title='bbox 1240 794 1297 852; x_wconf 81' lang='grc' dir='ltr'><strong>τῶν</strong></span> 
     </span>
     <span class='ocr_line' id='line_1_4' title="bbox 205 899 1297 989; baseline 0.01 -26"><span class='ocrx_word' id='word_1_20' title='bbox 205 899 455 978; x_wconf 72' lang='grc' dir='ltr'><strong>καταβαινόντων</strong></span> <span class='ocrx_word' id='word_1_21' title='bbox 487 901 528 973; x_wconf 80' lang='grc' dir='ltr'><strong>εἰς</strong></span> <span class='ocrx_word' id='word_1_22' title='bbox 563 901 597 964; x_wconf 87' lang='grc' dir='ltr'><strong>τθ</strong></span> <span class='ocrx_word' id='word_1_23' title='bbox 629 899 748 981; x_wconf 78' lang='grc' dir='ltr'><em>ν’ίδντον,</em></span> <span class='ocrx_word' id='word_1_24' title='bbox 779 903 918 980; x_wconf 75' lang='grc' dir='ltr'><em>βέβηλον</em></span> <span class='ocrx_word' id='word_1_25' title='bbox 950 904 991 984; x_wconf 78' lang='grc' dir='ltr'><strong>δέ,</strong></span> <span class='ocrx_word' id='word_1_26' title='bbox 1024 907 1113 982; x_wconf 73' lang='grc' dir='ltr'><em>ἡνίκα</em></span> <span class='ocrx_word' id='word_1_27' title='bbox 1145 908 1297 989; x_wconf 76' lang='grc' dir='ltr'><em>ἤρχετοὴ</em></span> 
     </span>
     <span class='ocr_line' id='line_1_5' title="bbox 204 1011 1372 1106; baseline 0.007 -20"><span class='ocrx_word' id='word_1_28' title='bbox 204 1011 286 1101; x_wconf 77' lang='grc' dir='ltr'><em>τυροὶ</em></span> <span class='ocrx_word' id='word_1_29' title='bbox 317 1024 466 1106; x_wconf 84' lang='grc' dir='ltr'><em>καίεσθαι,</em></span> <span class='ocrx_word' id='word_1_30' title='bbox 499 1028 668 1097; x_wconf 74' lang='grc' dir='ltr'><em>τηνικαῦτα</em></span> <span class='ocrx_word' id='word_1_31' title='bbox 701 1027 845 1091; x_wconf 77' lang='grc' dir='ltr'><em>εἰσελθεῖν</em></span> <span class='ocrx_word' id='word_1_32' title='bbox 868 1028 910 1098; x_wconf 81' lang='grc' dir='ltr'><strong>εἰς</strong></span> <span class='ocrx_word' id='word_1_33' title='bbox 934 1028 968 1092; x_wconf 82' lang='grc' dir='ltr'><strong>τὸ</strong></span> <span class='ocrx_word' id='word_1_34' title='bbox 992 1026 1101 1092; x_wconf 76' lang='grc' dir='ltr'><em>οἰδντον</em></span> <span class='ocrx_word' id='word_1_35' title='bbox 1126 1031 1183 1096; x_wconf 81' lang='grc' dir='ltr'><strong>ὑπὸ</strong></span> <span class='ocrx_word' id='word_1_36' title='bbox 1207 1043 1297 1094; x_wconf 80' lang='grc' dir='ltr'><em>τολν-</em></span> <span class='ocrx_word' id='word_1_37' title='bbox 1368 1022 1372 1032; x_wconf 67' lang='grc'>’</span> 
     </span>
     <span class='ocr_line' id='line_1_6' title="bbox 203 1130 1295 1225; baseline 0.005 -17"><span class='ocrx_word' id='word_1_38' title='bbox 203 1144 428 1224; x_wconf 33' lang='grc' dir='ltr'><em>τραγμοσιίνιρι,</em></span> <span class='ocrx_word' id='word_1_39' title='bbox 451 1169 485 1209; x_wconf 82' lang='grc' dir='ltr'><strong>τε</strong></span> <span class='ocrx_word' id='word_1_40' title='bbox 510 1146 562 1210; x_wconf 87' lang='grc' dir='ltr'><em>καί</em></span> <span class='ocrx_word' id='word_1_41' title='bbox 587 1145 716 1225; x_wconf 77' lang='grc' dir='ltr'><em>τίλμνς,</em></span> <span class='ocrx_word' id='word_1_42' title='bbox 741 1148 795 1213; x_wconf 88' lang='grc' dir='ltr'><em>καί</em></span> <span class='ocrx_word' id='word_1_43' title='bbox 818 1149 843 1212; x_wconf 90' lang='grc' dir='ltr'><strong>οί</strong></span> <span class='ocrx_word' id='word_1_44' title='bbox 867 1148 973 1212; x_wconf 86' lang='grc' dir='ltr'><em>τοίντα</em></span> <span class='ocrx_word' id='word_1_45' title='bbox 997 1149 1144 1214; x_wconf 78' lang='grc' dir='ltr'><em>οἰνοίσλια</em></span> <span class='ocrx_word' id='word_1_46' title='bbox 1169 1130 1295 1215; x_wconf 65' lang='grc' dir='ltr'><em>εἰδώλων</em></span> 
     </span>
     <span class='ocr_line' id='line_1_7' title="bbox 202 1267 1295 1356; baseline 0.007 -28"><span class='ocrx_word' id='word_1_47' title='bbox 202 1267 386 1344; x_wconf 84' lang='grc' dir='ltr'><em>Φαίνεσθαι·</em></span> <span class='ocrx_word' id='word_1_48' title='bbox 419 1267 469 1330; x_wconf 88' lang='grc' dir='ltr'><em>καί</em></span> <span class='ocrx_word' id='word_1_49' title='bbox 496 1268 688 1348; x_wconf 71' lang='grc' dir='ltr'><em>ἀναστρέψαι</em></span> <span class='ocrx_word' id='word_1_50' title='bbox 717 1269 773 1345; x_wconf 72' lang='grc' dir='ltr'><strong>μὲν</strong></span> <span class='ocrx_word' id='word_1_51' title='bbox 797 1269 889 1334; x_wconf 75' lang='grc' dir='ltr'><em>αὐτὸν</em></span> <span class='ocrx_word' id='word_1_52' title='bbox 913 1273 955 1342; x_wconf 83' lang='grc' dir='ltr'><strong>εἰς</strong></span> <span class='ocrx_word' id='word_1_53' title='bbox 979 1272 1034 1344; x_wconf 76' lang='grc' dir='ltr'><strong>τίιν</strong></span> <span class='ocrx_word' id='word_1_54' title='bbox 1058 1273 1210 1350; x_wconf 77' lang='grc' dir='ltr'><em>Τιθορέαν,</em></span> <span class='ocrx_word' id='word_1_55' title='bbox 1236 1273 1295 1356; x_wconf 71' lang='grc' dir='ltr'><em>θιν-</em></span> 
     </span>
     <span class='ocr_line' id='line_1_8' title="bbox 202 1365 1294 1477; baseline 0.006 -26"><span class='ocrx_word' id='word_1_56' title='bbox 202 1387 377 1465; x_wconf 73' lang='grc' dir='ltr'><em>γνρσοίριενον</em></span> <span class='ocrx_word' id='word_1_57' title='bbox 401 1388 431 1452; x_wconf 75' lang='grc' dir='ltr'><strong>δέ</strong></span> <span class='ocrx_word' id='word_1_58' title='bbox 456 1379 477 1453; x_wconf 74' lang='lat' dir='ltr'><strong>bi</strong></span> <span class='ocrx_word' id='word_1_59' title='bbox 502 1390 648 1455; x_wconf 85' lang='grc' dir='ltr'><em>έθεοίσατο</em></span> <span class='ocrx_word' id='word_1_60' title='bbox 673 1365 800 1471; x_wconf 79' lang='grc' dir='ltr'><em>οἰΦείναι</em></span> <span class='ocrx_word' id='word_1_61' title='bbox 825 1391 1294 1477; x_wconf 65' lang='lat' dir='ltr'><strong>rsvpvxsv,ib.17.Quaex</strong></span> 
     </span>
     <span class='ocr_line' id='line_1_9' title="bbox 202 1512 1295 1600; baseline 0.005 -26"><span class='ocrx_word' id='word_1_62' title='bbox 202 1513 393 1588; x_wconf 80' lang='lat' dir='ltr'><strong>narratione,</strong></span> <span class='ocrx_word' id='word_1_63' title='bbox 419 1515 564 1597; x_wconf 87' lang='lat' dir='ltr'><strong>quamvis</strong></span> <span class='ocrx_word' id='word_1_64' title='bbox 588 1515 631 1577; x_wconf 90' lang='lat' dir='ltr'><strong>sit</strong></span> <span class='ocrx_word' id='word_1_65' title='bbox 653 1512 735 1591; x_wconf 91' lang='lat' dir='ltr'><strong>ficta,</strong></span> <span class='ocrx_word' id='word_1_66' title='bbox 761 1518 844 1578; x_wconf 91' lang='lat' dir='ltr'><strong>certe</strong></span> <span class='ocrx_word' id='word_1_67' title='bbox 868 1520 966 1598; x_wconf 88' lang='lat' dir='ltr'><strong>patet,</strong></span> <span class='ocrx_word' id='word_1_68' title='bbox 997 1515 1078 1579; x_wconf 87' lang='lat' dir='ltr'><strong>hanc</strong></span> <span class='ocrx_word' id='word_1_69' title='bbox 1108 1515 1295 1600; x_wconf 87' lang='lat' dir='ltr'><strong>popularem</strong></span> 
     </span>
     <span class='ocr_line' id='line_1_10' title="bbox 202 1633 1296 1724; baseline 0.005 -27"><span class='ocrx_word' id='word_1_70' title='bbox 202 1633 301 1698; x_wconf 82' lang='lat' dir='ltr'><strong>fuisse</strong></span> <span class='ocrx_word' id='word_1_71' title='bbox 337 1636 529 1720; x_wconf 87' lang='lat' dir='ltr'><strong>opinionem,</strong></span> <span class='ocrx_word' id='word_1_72' title='bbox 565 1637 599 1698; x_wconf 94' lang='lat' dir='ltr'><strong>in</strong></span> <span class='ocrx_word' id='word_1_73' title='bbox 635 1638 782 1722; x_wconf 79' lang='lat' dir='ltr'><strong>mysticis</strong></span> <span class='ocrx_word' id='word_1_74' title='bbox 818 1636 911 1700; x_wconf 91' lang='lat' dir='ltr'><strong>Isidis</strong></span> <span class='ocrx_word' id='word_1_75' title='bbox 944 1639 1142 1702; x_wconf 84' lang='lat' dir='ltr'><strong>caerimoniis</strong></span> <span class='ocrx_word' id='word_1_76' title='bbox 1173 1643 1296 1724; x_wconf 88' lang='lat' dir='ltr'><strong>spectra</strong></span> 
     </span>
     <span class='ocr_line' id='line_1_11' title="bbox 202 1757 1298 1844; baseline 0.005 -25"><span class='ocrx_word' id='word_1_77' title='bbox 202 1775 370 1839; x_wconf 85' lang='lat' dir='ltr'><strong>apparere;</strong></span> <span class='ocrx_word' id='word_1_78' title='bbox 402 1777 503 1840; x_wconf 91' lang='lat' dir='ltr'><strong>neque</strong></span> <span class='ocrx_word' id='word_1_79' title='bbox 527 1763 599 1839; x_wconf 89' lang='lat' dir='ltr'><strong>post</strong></span> <span class='ocrx_word' id='word_1_80' title='bbox 624 1759 740 1834; x_wconf 90' lang='lat' dir='ltr'><strong>omnia,</strong></span> <span class='ocrx_word' id='word_1_81' title='bbox 766 1778 846 1842; x_wconf 89' lang='lat' dir='ltr'><strong>quae</strong></span> <span class='ocrx_word' id='word_1_82' title='bbox 869 1759 886 1841; x_wconf 61' lang='grc' dir='ltr'>ξ</span> <span class='ocrx_word' id='word_1_83' title='bbox 913 1757 952 1823; x_wconf 85' lang='grc'><strong>15</strong></span> <span class='ocrx_word' id='word_1_84' title='bbox 978 1779 1013 1822; x_wconf 87' lang='lat' dir='ltr'><strong>ac</strong></span> <span class='ocrx_word' id='word_1_85' title='bbox 1036 1761 1105 1843; x_wconf 86' lang='lat' dir='ltr'><strong>ipsa</strong></span> <span class='ocrx_word' id='word_1_86' title='bbox 1128 1759 1186 1824; x_wconf 93' lang='lat' dir='ltr'><strong>hac</strong></span> <span class='ocrx_word' id='word_1_87' title='bbox 1210 1779 1298 1844; x_wconf 86' lang='lat' dir='ltr'><strong>para-</strong></span> 
     </span>
     <span class='ocr_line' id='line_1_12' title="bbox 160 1875 1297 1964; baseline 0.006 -27"><span class='ocrx_word' id='word_1_88' title='bbox 160 1880 162 1884; x_wconf 83' lang='lat'>&#39;</span> <span class='ocrx_word' id='word_1_89' title='bbox 201 1875 325 1962; x_wconf 83' lang='lat' dir='ltr'><strong>grapho</strong></span> <span class='ocrx_word' id='word_1_90' title='bbox 357 1879 574 1960; x_wconf 83' lang='lat' dir='ltr'><strong>exposuimus,</strong></span> <span class='ocrx_word' id='word_1_91' title='bbox 607 1877 720 1942; x_wconf 88' lang='lat' dir='ltr'><strong>falsam</strong></span> <span class='ocrx_word' id='word_1_92' title='bbox 751 1879 848 1944; x_wconf 80' lang='lat' dir='ltr'><strong>finisse</strong></span> <span class='ocrx_word' id='word_1_93' title='bbox 871 1879 952 1944; x_wconf 92' lang='lat' dir='ltr'><strong>hanc</strong></span> <span class='ocrx_word' id='word_1_94' title='bbox 975 1881 1155 1964; x_wconf 88' lang='lat' dir='ltr'><strong>opinionem</strong></span> <span class='ocrx_word' id='word_1_95' title='bbox 1178 1887 1297 1944; x_wconf 88' lang='lat' dir='ltr'><strong>temere</strong></span> 
     </span>
     <span class='ocr_line' id='line_1_13' title="bbox 201 1997 1296 2085; baseline 0.005 -25"><span class='ocrx_word' id='word_1_96' title='bbox 201 1997 409 2061; x_wconf 89' lang='lat' dir='ltr'><strong>statuendum</strong></span> <span class='ocrx_word' id='word_1_97' title='bbox 431 2003 488 2062; x_wconf 89' lang='lat' dir='ltr'><strong>est.</strong></span> <span class='ocrx_word' id='word_1_98' title='bbox 517 1997 582 2062; x_wconf 91' lang='lat' dir='ltr'><strong>Nec</strong></span> <span class='ocrx_word' id='word_1_99' title='bbox 607 1998 781 2085; x_wconf 89' lang='lat' dir='ltr'><strong>quidquam</strong></span> <span class='ocrx_word' id='word_1_100' title='bbox 805 2001 918 2077; x_wconf 85' lang='lat' dir='ltr'><strong>obstat,</strong></span> <span class='ocrx_word' id='word_1_101' title='bbox 943 2003 1020 2084; x_wconf 91' lang='lat' dir='ltr'><strong>quin</strong></span> <span class='ocrx_word' id='word_1_102' title='bbox 1044 2006 1076 2064; x_wconf 91' lang='lat' dir='ltr'><strong>et</strong></span> <span class='ocrx_word' id='word_1_103' title='bbox 1099 2022 1178 2085; x_wconf 86' lang='lat' dir='ltr'><strong>quae</strong></span> <span class='ocrx_word' id='word_1_104' title='bbox 1201 2002 1296 2067; x_wconf 86' lang='lat' dir='ltr'><strong>addat</strong></span> 
     </span>
     <span class='ocr_line' id='line_1_14' title="bbox 200 2119 1293 2202; baseline 0.005 -20"><span class='ocrx_word' id='word_1_105' title='bbox 200 2119 385 2196; x_wconf 84' lang='lat' dir='ltr'><strong>Pausanias,</strong></span> <span class='ocrx_word' id='word_1_106' title='bbox 417 2119 597 2184; x_wconf 89' lang='lat' dir='ltr'><strong>afferamus:</strong></span> <span class='ocrx_word' id='word_1_107' title='bbox 633 2119 773 2184; x_wconf 86' lang='grc' dir='ltr'><em>Ἐοικθτα</em></span> <span class='ocrx_word' id='word_1_108' title='bbox 806 2120 836 2184; x_wconf 77' lang='grc' dir='ltr'><strong>δὲ</strong></span> <span class='ocrx_word' id='word_1_109' title='bbox 868 2121 971 2200; x_wconf 75' lang='grc' dir='ltr'><em>οίνθρθς</em></span> <span class='ocrx_word' id='word_1_110' title='bbox 1006 2120 1118 2196; x_wconf 75' lang='grc' dir='ltr'><em>ἤκουσα</em></span> <span class='ocrx_word' id='word_1_111' title='bbox 1152 2123 1293 2202; x_wconf 85' lang='grc' dir='ltr'><em>Φοίνικος,</em></span> 
     </span>
     <span class='ocr_line' id='line_1_15' title="bbox 200 2237 1292 2324; baseline 0.004 -20"><span class='ocrx_word' id='word_1_112' title='bbox 200 2239 289 2316; x_wconf 75' lang='grc' dir='ltr'><em>οἰγειν</em></span> <span class='ocrx_word' id='word_1_113' title='bbox 320 2249 358 2319; x_wconf 67' lang='grc' dir='ltr'><strong>τῇ</strong></span> <span class='ocrx_word' id='word_1_114' title='bbox 382 2239 471 2304; x_wconf 76' lang='grc' dir='ltr'><em>Ἴσιδι</em></span> <span class='ocrx_word' id='word_1_115' title='bbox 503 2240 671 2316; x_wconf 76' lang='grc' dir='ltr'><em>Αίγννιίονς</em></span> <span class='ocrx_word' id='word_1_116' title='bbox 697 2243 750 2314; x_wconf 69' lang='grc' dir='ltr'><strong>τὴν</strong></span> <span class='ocrx_word' id='word_1_117' title='bbox 775 2241 884 2321; x_wconf 80' lang='grc' dir='ltr'><em>ἕορτιίν,</em></span> <span class='ocrx_word' id='word_1_118' title='bbox 909 2237 958 2306; x_wconf 75' lang='lat' dir='ltr'><strong>ire</strong></span> <span class='ocrx_word' id='word_1_119' title='bbox 983 2243 1078 2316; x_wconf 70' lang='grc' dir='ltr'><em>αὐτὴν</em></span> <span class='ocrx_word' id='word_1_120' title='bbox 1102 2244 1153 2308; x_wconf 79' lang='grc' dir='ltr'><strong>τὸν</strong></span> <span class='ocrx_word' id='word_1_121' title='bbox 1172 2246 1292 2324; x_wconf 87' lang='grc' dir='ltr'><em>’Όσιριν</em></span> 
     </span>
     <span class='ocr_line' id='line_1_16' title="bbox 199 2361 1292 2446; baseline 0.005 -22"><span class='ocrx_word' id='word_1_122' title='bbox 199 2361 317 2425; x_wconf 80' lang='grc' dir='ltr'><em>πενθεῖν</em></span> <span class='ocrx_word' id='word_1_123' title='bbox 345 2361 488 2437; x_wconf 74' lang='grc' dir='ltr'><em>λέγουσι·</em></span> <span class='ocrx_word' id='word_1_124' title='bbox 515 2367 688 2435; x_wconf 74' lang='grc' dir='ltr'><em>τηνικαῦτα</em></span> <span class='ocrx_word' id='word_1_125' title='bbox 711 2361 742 2426; x_wconf 80' lang='grc' dir='ltr'><strong>δέ</strong></span> <span class='ocrx_word' id='word_1_126' title='bbox 765 2361 817 2426; x_wconf 84' lang='grc' dir='ltr'><em>καί</em></span> <span class='ocrx_word' id='word_1_127' title='bbox 844 2362 857 2426; x_wconf 86' lang='grc' dir='ltr'><em>θ</em></span> <span class='ocrx_word' id='word_1_128' title='bbox 880 2371 992 2436; x_wconf 78' lang='grc' dir='ltr'><em>Νεῖλος</em></span> <span class='ocrx_word' id='word_1_129' title='bbox 1016 2365 1196 2442; x_wconf 82' lang='grc' dir='ltr'><em>οἰναβαίνειν</em></span> <span class='ocrx_word' id='word_1_130' title='bbox 1220 2366 1292 2446; x_wconf 84' lang='grc' dir='ltr'><em>σφί-</em></span> 
     </span>
     <span class='ocr_line' id='line_1_17' title="bbox 201 2481 1291 2566; baseline 0.004 -18"><span class='ocrx_word' id='word_1_131' title='bbox 201 2507 248 2548; x_wconf 92' lang='grc' dir='ltr'><strong>σιν</strong></span> <span class='ocrx_word' id='word_1_132' title='bbox 279 2481 424 2562; x_wconf 80' lang='grc' dir='ltr'><em>οἰρχεται,</em></span> <span class='ocrx_word' id='word_1_133' title='bbox 457 2483 508 2547; x_wconf 87' lang='grc' dir='ltr'><em>καί</em></span> <span class='ocrx_word' id='word_1_134' title='bbox 541 2485 599 2547; x_wconf 78' lang='grc' dir='ltr'><strong>τῶν</strong></span> <span class='ocrx_word' id='word_1_135' title='bbox 630 2484 795 2563; x_wconf 80' lang='grc' dir='ltr'><em>ἐπιχωρίων</em></span> <span class='ocrx_word' id='word_1_136' title='bbox 823 2494 948 2559; x_wconf 78' lang='grc' dir='ltr'><em>πολλοῖς</em></span> <span class='ocrx_word' id='word_1_137' title='bbox 972 2487 1052 2551; x_wconf 85' lang='grc' dir='ltr'><em>ἔστιν</em></span> <span class='ocrx_word' id='word_1_138' title='bbox 1076 2487 1229 2566; x_wconf 69' lang='grc' dir='ltr'><em>εἰρημένα,</em></span> <span class='ocrx_word' id='word_1_139' title='bbox 1254 2490 1291 2560; x_wconf 78' lang='grc' dir='ltr'><strong>ὥς</strong></span> 
     </span>
     <span class='ocr_line' id='line_1_18' title="bbox 202 2603 1293 2688; baseline 0.005 -20"><span class='ocrx_word' id='word_1_140' title='bbox 202 2605 243 2669; x_wconf 72' lang='lat' dir='ltr'><strong>rit</strong></span> <span class='ocrx_word' id='word_1_141' title='bbox 276 2603 408 2680; x_wconf 77' lang='grc' dir='ltr'><em>αὔξοντα</em></span> <span class='ocrx_word' id='word_1_142' title='bbox 440 2606 491 2668; x_wconf 81' lang='grc' dir='ltr'><strong>τὸν</strong></span> <span class='ocrx_word' id='word_1_143' title='bbox 521 2607 661 2681; x_wconf 84' lang='grc' dir='ltr'><em>τοσαμθν</em></span> <span class='ocrx_word' id='word_1_144' title='bbox 691 2606 743 2669; x_wconf 89' lang='grc' dir='ltr'><em>καί</em></span> <span class='ocrx_word' id='word_1_145' title='bbox 775 2603 873 2685; x_wconf 79' lang='grc' dir='ltr'><em>ίίρθειν</em></span> <span class='ocrx_word' id='word_1_146' title='bbox 909 2609 967 2677; x_wconf 82' lang='grc' dir='ltr'><strong>τοίς</strong></span> <span class='ocrx_word' id='word_1_147' title='bbox 999 2608 1125 2688; x_wconf 81' lang='grc' dir='ltr'><em>οἰροιίρας</em></span> <span class='ocrx_word' id='word_1_148' title='bbox 1151 2616 1293 2675; x_wconf 82' lang='grc' dir='ltr'><em>ποιοῦντα</em></span> 
     </span>
     <span class='ocr_line' id='line_1_19' title="bbox 202 2725 1292 2810; baseline 0.006 -20"><span class='ocrx_word' id='word_1_149' title='bbox 202 2727 243 2790; x_wconf 80' lang='grc' dir='ltr'><em>τοί</em></span> <span class='ocrx_word' id='word_1_150' title='bbox 274 2725 392 2807; x_wconf 80' lang='grc' dir='ltr'><em>δοίκρνοί</em></span> <span class='ocrx_word' id='word_1_151' title='bbox 423 2727 487 2790; x_wconf 84' lang='grc' dir='ltr'><em>ἔστι</em></span> <span class='ocrx_word' id='word_1_152' title='bbox 519 2733 574 2799; x_wconf 77' lang='grc' dir='ltr'><strong>τῆς</strong></span> <span class='ocrx_word' id='word_1_153' title='bbox 593 2726 714 2798; x_wconf 73' lang='grc' dir='ltr'><em>Ἴσιδος.</em></span> <span class='ocrx_word' id='word_1_154' title='bbox 740 2727 810 2792; x_wconf 83' lang='grc' dir='ltr'><em>οθτε</em></span> <span class='ocrx_word' id='word_1_155' title='bbox 835 2725 958 2793; x_wconf 77' lang='grc' dir='ltr'><em>οὖντὸν</em></span> <span class='ocrx_word' id='word_1_156' title='bbox 984 2731 1143 2810; x_wconf 76' lang='grc' dir='ltr'><em>Ῥωμαῖον,</em></span> <span class='ocrx_word' id='word_1_157' title='bbox 1169 2727 1199 2804; x_wconf 80' lang='grc' dir='ltr'><strong>ές</strong></span> <span class='ocrx_word' id='word_1_158' title='bbox 1225 2733 1292 2796; x_wconf 84' lang='grc' dir='ltr'><em>ἕτε-</em></span> 
     </span>
     <span class='ocr_line' id='line_1_20' title="bbox 201 2846 1294 2928; baseline 0.005 -16"><span class='ocrx_word' id='word_1_159' title='bbox 201 2849 356 2928; x_wconf 81' lang='grc' dir='ltr'><em>τέτρατσο</em></span> <span class='ocrx_word' id='word_1_160' title='bbox 380 2847 548 2927; x_wconf 76' lang='grc' dir='ltr'><em>Αἴγυπτον,</em></span> <span class='ocrx_word' id='word_1_161' title='bbox 572 2846 666 2928; x_wconf 75' lang='grc' dir='ltr'><em>οἰνθρα</em></span> <span class='ocrx_word' id='word_1_162' title='bbox 690 2847 750 2927; x_wconf 70' lang='grc' dir='ltr'><strong>ἔφη</strong></span> <span class='ocrx_word' id='word_1_163' title='bbox 774 2850 931 2928; x_wconf 77' lang='grc' dir='ltr'><em>χρήμασιν</em></span> <span class='ocrx_word' id='word_1_164' title='bbox 954 2851 1169 2916; x_wconf 86' lang='grc' dir='ltr'><em>οἰναντείσαντα</em></span> <span class='ocrx_word' id='word_1_165' title='bbox 1194 2854 1235 2924; x_wconf 82' lang='grc' dir='ltr'><strong>εἰς</strong></span> <span class='ocrx_word' id='word_1_166' title='bbox 1260 2855 1294 2918; x_wconf 78' lang='grc' dir='ltr'><strong>τὸ</strong></span> 
     </span>
    </p>
   </div>
   <div class='ocr_carea' id='block_1_3' title="bbox 201 2969 1296 3053">
    <p class='ocr_par' dir='ltr' id='par_1_3' title="bbox 201 2969 1296 3053">
     <span class='ocr_line' id='line_1_21' title="bbox 201 2969 1296 3053; baseline 0.004 -19"><span class='ocrx_word' id='word_1_167' title='bbox 201 2969 311 3034; x_wconf 81' lang='grc' dir='ltr'><em>οἰδντον</em></span> <span class='ocrx_word' id='word_1_168' title='bbox 342 2969 554 3046; x_wconf 81' lang='grc' dir='ltr'><em>καταπέμψαι</em></span> <span class='ocrx_word' id='word_1_169' title='bbox 585 2977 639 3044; x_wconf 69' lang='grc' dir='ltr'><strong>τῆς</strong></span> <span class='ocrx_word' id='word_1_170' title='bbox 667 2969 779 3042; x_wconf 76' lang='grc' dir='ltr'><em>Ἴσιδος</em></span> <span class='ocrx_word' id='word_1_171' title='bbox 811 2972 844 3047; x_wconf 76' lang='grc' dir='ltr'><strong>τὸ</strong></span> <span class='ocrx_word' id='word_1_172' title='bbox 877 2971 907 3033; x_wconf 90' lang='grc' dir='ltr'><strong>έν</strong></span> <span class='ocrx_word' id='word_1_173' title='bbox 925 2971 1040 3050; x_wconf 66' lang='lat' dir='ltr'><strong>vKo&#39;rrrty</strong></span> <span class='ocrx_word' id='word_1_174' title='bbox 1057 2971 1097 3053; x_wconf 85' lang='lat'><strong>¹)·</strong></span> <span class='ocrx_word' id='word_1_175' title='bbox 1123 2972 1174 3036; x_wconf 84' lang='grc' dir='ltr'><em>καί</em></span> <span class='ocrx_word' id='word_1_176' title='bbox 1199 2974 1212 3038; x_wconf 88' lang='grc' dir='ltr'><em>θ</em></span> <span class='ocrx_word' id='word_1_177' title='bbox 1237 2977 1296 3040; x_wconf 90' lang='grc' dir='ltr'><em>εἰσ-</em></span> 
     </span>
    </p>
   </div>
   <div class='ocr_carea' id='block_1_4' title="bbox 113 3089 1292 3172">
    <p class='ocr_par' dir='ltr' id='par_1_4' title="bbox 113 3089 1292 3172">
     <span class='ocr_line' id='line_1_22' title="bbox 113 3089 1292 3172; baseline 0.006 -19"><span class='ocrx_word' id='word_1_178' title='bbox 113 3145 118 3153; x_wconf 89' lang='grc'>,</span> <span class='ocrx_word' id='word_1_179' title='bbox 202 3090 354 3172; x_wconf 78' lang='grc' dir='ltr'><em>πεμφθείς</em></span> <span class='ocrx_word' id='word_1_180' title='bbox 389 3089 557 3172; x_wconf 67' lang='grc' dir='ltr'><em>ἀνέστρεψε</em></span> <span class='ocrx_word' id='word_1_181' title='bbox 590 3091 647 3166; x_wconf 81' lang='grc' dir='ltr'><strong>μέν</strong></span> <span class='ocrx_word' id='word_1_182' title='bbox 682 3091 716 3156; x_wconf 81' lang='grc' dir='ltr'><strong>ἐκ</strong></span> <span class='ocrx_word' id='word_1_183' title='bbox 752 3097 805 3156; x_wconf 83' lang='grc' dir='ltr'><strong>τοῦ</strong></span> <span class='ocrx_word' id='word_1_184' title='bbox 841 3091 965 3171; x_wconf 67' lang='lat' dir='ltr'><strong>sturae,</strong></span> <span class='ocrx_word' id='word_1_185' title='bbox 1001 3093 1222 3171; x_wconf 69' lang='grc' dir='ltr'><em>διηγησάμενον</em></span> <span class='ocrx_word' id='word_1_186' title='bbox 1261 3097 1292 3161; x_wconf 69' lang='grc' dir='ltr'><strong>δέ</strong></span> 
     </span>
    </p>
   </div>
   <div class='ocr_carea' id='block_1_5' title="bbox 201 3213 1299 4262">
    <p class='ocr_par' dir='ltr' id='par_1_5' title="bbox 201 3213 1299 4262">
     <span class='ocr_line' id='line_1_23' title="bbox 202 3213 1291 3294; baseline 0.005 -15"><span class='ocrx_word' id='word_1_187' title='bbox 202 3213 300 3279; x_wconf 83' lang='grc' dir='ltr'><em>θτθσα</em></span> <span class='ocrx_word' id='word_1_188' title='bbox 332 3213 478 3278; x_wconf 87' lang='grc' dir='ltr'><em>ε’θεοίσατο</em></span> <span class='ocrx_word' id='word_1_189' title='bbox 509 3215 560 3278; x_wconf 85' lang='grc' dir='ltr'><em>καί</em></span> <span class='ocrx_word' id='word_1_190' title='bbox 593 3219 698 3279; x_wconf 78' lang='grc' dir='ltr'><em>τοῦτον</em></span> <span class='ocrx_word' id='word_1_191' title='bbox 728 3216 843 3280; x_wconf 79' lang='grc' dir='ltr'><em>αὐτίκα</em></span> <span class='ocrx_word' id='word_1_192' title='bbox 868 3215 1074 3294; x_wconf 82' lang='grc' dir='ltr'><em>έσννθανθμνιν</em></span> <span class='ocrx_word' id='word_1_193' title='bbox 1096 3226 1291 3292; x_wconf 75' lang='grc' dir='ltr'><em>τελευτῆσαι.</em></span> 
     </span>
     <span class='ocr_line' id='line_1_24' title="bbox 201 3330 1291 3420; baseline 0.005 -21"><span class='ocrx_word' id='word_1_194' title='bbox 201 3335 235 3400; x_wconf 82' lang='grc' dir='ltr'><em>τί</em></span> <span class='ocrx_word' id='word_1_195' title='bbox 260 3334 331 3406; x_wconf 78' lang='grc' dir='ltr'><em>ἔτος</em></span> <span class='ocrx_word' id='word_1_196' title='bbox 355 3330 402 3399; x_wconf 82' lang='grc' dir='ltr'><strong>οὖν</strong></span> <span class='ocrx_word' id='word_1_197' title='bbox 426 3335 583 3410; x_wconf 82' lang='grc' dir='ltr'><em>οἰλνιθειίειν</em></span> <span class='ocrx_word' id='word_1_198' title='bbox 608 3333 682 3400; x_wconf 85' lang='grc' dir='ltr'><em>έοικε</em></span> <span class='ocrx_word' id='word_1_199' title='bbox 702 3338 737 3401; x_wconf 81' lang='grc' dir='ltr'><strong>τὸ</strong></span> <span class='ocrx_word' id='word_1_200' title='bbox 758 3337 903 3415; x_wconf 73' lang='grc' dir='ltr'><em>Ὀμήρου,</em></span> <span class='ocrx_word' id='word_1_201' title='bbox 924 3337 978 3401; x_wconf 80' lang='grc' dir='ltr'><strong>σὺν</strong></span> <span class='ocrx_word' id='word_1_202' title='bbox 998 3337 1089 3402; x_wconf 76' lang='grc' dir='ltr'><em>οὐδενί</em></span> <span class='ocrx_word' id='word_1_203' title='bbox 1112 3339 1199 3420; x_wconf 81' lang='grc' dir='ltr'><em>αἰσίῳ</em></span> <span class='ocrx_word' id='word_1_204' title='bbox 1223 3339 1291 3412; x_wconf 79' lang='grc' dir='ltr'><em>τοὺς</em></span> 
     </span>
     <span class='ocr_line' id='line_1_25' title="bbox 203 3455 1296 3538; baseline 0.004 -18"><span class='ocrx_word' id='word_1_205' title='bbox 203 3457 283 3526; x_wconf 79' lang='grc' dir='ltr'><em>θεοὺς</em></span> <span class='ocrx_word' id='word_1_206' title='bbox 312 3457 353 3536; x_wconf 77' lang='grc' dir='ltr'><strong>τῷ</strong></span> <span class='ocrx_word' id='word_1_207' title='bbox 378 3455 460 3532; x_wconf 71' lang='grc' dir='ltr'><em>γένει</em></span> <span class='ocrx_word' id='word_1_208' title='bbox 483 3463 542 3520; x_wconf 84' lang='grc' dir='ltr'><strong>τῶν</strong></span> <span class='ocrx_word' id='word_1_209' title='bbox 566 3458 722 3535; x_wconf 73' lang='grc' dir='ltr'><em>ἀνθρώπων</em></span> <span class='ocrx_word' id='word_1_210' title='bbox 747 3458 879 3538; x_wconf 76' lang='grc' dir='ltr'><em>ἐναργῶς</em></span> <span class='ocrx_word' id='word_1_211' title='bbox 904 3458 1039 3536; x_wconf 79' lang='grc' dir='ltr'><em>θρίισθαι,</em></span> <span class='ocrx_word' id='word_1_212' title='bbox 1063 3460 1106 3522; x_wconf 91' lang='lat' dir='ltr'><strong>ib.</strong></span> <span class='ocrx_word' id='word_1_213' title='bbox 1134 3459 1184 3524; x_wconf 82' lang='lat'><strong>18.</strong></span> <span class='ocrx_word' id='word_1_214' title='bbox 1209 3460 1296 3524; x_wconf 88' lang='lat' dir='ltr'><strong>Haec</strong></span> 
     </span>
     <span class='ocr_line' id='line_1_26' title="bbox 204 3575 1299 3665; baseline 0.001 -22"><span class='ocrx_word' id='word_1_215' title='bbox 204 3584 240 3643; x_wconf 87' lang='lat' dir='ltr'><strong>ut</strong></span> <span class='ocrx_word' id='word_1_216' title='bbox 272 3579 337 3642; x_wconf 92' lang='lat' dir='ltr'><strong>sint</strong></span> <span class='ocrx_word' id='word_1_217' title='bbox 368 3575 450 3656; x_wconf 87' lang='lat' dir='ltr'><strong>fieta,</strong></span> <span class='ocrx_word' id='word_1_218' title='bbox 476 3599 494 3641; x_wconf 90' lang='lat' dir='ltr'><strong>a</strong></span> <span class='ocrx_word' id='word_1_219' title='bbox 518 3581 654 3644; x_wconf 85' lang='lat' dir='ltr'><strong>veritate</strong></span> <span class='ocrx_word' id='word_1_220' title='bbox 678 3584 785 3642; x_wconf 88' lang='lat' dir='ltr'><strong>tamen</strong></span> <span class='ocrx_word' id='word_1_221' title='bbox 808 3600 870 3643; x_wconf 94' lang='lat' dir='ltr'><strong>non</strong></span> <span class='ocrx_word' id='word_1_222' title='bbox 893 3577 985 3663; x_wconf 89' lang='lat' dir='ltr'><strong>plane</strong></span> <span class='ocrx_word' id='word_1_223' title='bbox 1009 3579 1166 3656; x_wconf 87' lang='lat' dir='ltr'><strong>abhorret,</strong></span> <span class='ocrx_word' id='word_1_224' title='bbox 1190 3601 1299 3665; x_wconf 90' lang='lat' dir='ltr'><strong>procu-</strong></span> 
     </span>
     <span class='ocr_line' id='line_1_27' title="bbox 204 3697 1298 3784; baseline 0.002 -22"><span class='ocrx_word' id='word_1_225' title='bbox 204 3703 342 3762; x_wconf 82' lang='lat' dir='ltr'><strong>ratorem</strong></span> <span class='ocrx_word' id='word_1_226' title='bbox 372 3697 554 3762; x_wconf 86' lang='lat' dir='ltr'><strong>Romanum</strong></span> <span class='ocrx_word' id='word_1_227' title='bbox 583 3701 668 3762; x_wconf 87' lang='lat' dir='ltr'><strong>insto</strong></span> <span class='ocrx_word' id='word_1_228' title='bbox 701 3700 806 3784; x_wconf 75' lang='lat' dir='ltr'><strong>magis</strong></span> <span class='ocrx_word' id='word_1_229' title='bbox 836 3701 1008 3784; x_wconf 85' lang='lat' dir='ltr'><strong>curiosum,</strong></span> <span class='ocrx_word' id='word_1_230' title='bbox 1040 3720 1114 3762; x_wconf 94' lang='lat' dir='ltr'><strong>cum</strong></span> <span class='ocrx_word' id='word_1_231' title='bbox 1144 3720 1182 3763; x_wconf 83' lang='lat' dir='ltr'><strong>ex</strong></span> <span class='ocrx_word' id='word_1_232' title='bbox 1220 3701 1298 3784; x_wconf 91' lang='lat' dir='ltr'><strong>ipsis</strong></span> 
     </span>
     <span class='ocr_line' id='line_1_28' title="bbox 206 3817 1296 3905; baseline 0.002 -22"><span class='ocrx_word' id='word_1_233' title='bbox 206 3821 323 3905; x_wconf 82' lang='lat' dir='ltr'><strong>mystis</strong></span> <span class='ocrx_word' id='word_1_234' title='bbox 357 3825 514 3883; x_wconf 89' lang='lat' dir='ltr'><strong>secretum</strong></span> <span class='ocrx_word' id='word_1_235' title='bbox 549 3817 660 3882; x_wconf 83' lang='lat' dir='ltr'><strong>eiicere</strong></span> <span class='ocrx_word' id='word_1_236' title='bbox 694 3839 757 3882; x_wconf 92' lang='lat' dir='ltr'><strong>non</strong></span> <span class='ocrx_word' id='word_1_237' title='bbox 790 3823 905 3902; x_wconf 88' lang='lat' dir='ltr'><strong>posset,</strong></span> <span class='ocrx_word' id='word_1_238' title='bbox 940 3819 1108 3904; x_wconf 88' lang='lat' dir='ltr'><strong>profanum</strong></span> <span class='ocrx_word' id='word_1_239' title='bbox 1139 3821 1296 3903; x_wconf 88' lang='lat' dir='ltr'><strong>quendam</strong></span> 
     </span>
     <span class='ocr_line' id='line_1_29' title="bbox 205 3940 1298 4026; baseline 0.002 -22"><span class='ocrx_word' id='word_1_240' title='bbox 205 3942 339 4025; x_wconf 89' lang='lat' dir='ltr'><strong>pecunia</strong></span> <span class='ocrx_word' id='word_1_241' title='bbox 367 3943 553 4024; x_wconf 81' lang='lat' dir='ltr'><strong>corrupisse,</strong></span> <span class='ocrx_word' id='word_1_242' title='bbox 578 3947 615 4004; x_wconf 90' lang='lat' dir='ltr'><strong>ut</strong></span> <span class='ocrx_word' id='word_1_243' title='bbox 638 3960 701 4003; x_wconf 86' lang='lat' dir='ltr'><strong>una</strong></span> <span class='ocrx_word' id='word_1_244' title='bbox 725 3960 799 4002; x_wconf 89' lang='lat' dir='ltr'><strong>curn</strong></span> <span class='ocrx_word' id='word_1_245' title='bbox 822 3941 958 4003; x_wconf 87' lang='lat' dir='ltr'><strong>initiatis</strong></span> <span class='ocrx_word' id='word_1_246' title='bbox 981 3943 1014 4003; x_wconf 94' lang='lat' dir='ltr'><strong>in</strong></span> <span class='ocrx_word' id='word_1_247' title='bbox 1039 3940 1174 4026; x_wconf 83' lang='lat' dir='ltr'><strong>adytum</strong></span> <span class='ocrx_word' id='word_1_248' title='bbox 1198 3963 1230 4006; x_wconf 92' lang='lat' dir='ltr'><strong>se</strong></span> <span class='ocrx_word' id='word_1_249' title='bbox 1252 3945 1298 4006; x_wconf 90' lang='lat' dir='ltr'><strong>in-</strong></span> 
     </span>
     <span class='ocr_line' id='line_1_30' title="bbox 205 4061 1299 4147; baseline 0.004 -22"><span class='ocrx_word' id='word_1_250' title='bbox 205 4062 311 4138; x_wconf 88' lang='lat' dir='ltr'><strong>ferret,</strong></span> <span class='ocrx_word' id='word_1_251' title='bbox 336 4082 479 4147; x_wconf 89' lang='lat' dir='ltr'><strong>quaeque</strong></span> <span class='ocrx_word' id='word_1_252' title='bbox 501 4062 546 4125; x_wconf 93' lang='lat' dir='ltr'><strong>ibi</strong></span> <span class='ocrx_word' id='word_1_253' title='bbox 570 4061 691 4139; x_wconf 90' lang='lat' dir='ltr'><strong>fierent,</strong></span> <span class='ocrx_word' id='word_1_254' title='bbox 717 4062 778 4126; x_wconf 91' lang='lat' dir='ltr'><strong>sibi</strong></span> <span class='ocrx_word' id='word_1_255' title='bbox 802 4067 962 4126; x_wconf 86' lang='lat' dir='ltr'><strong>enarraret</strong></span> <span class='ocrx_word' id='word_1_256' title='bbox 969 4083 977 4140; x_wconf 88' lang='lat'>;</span> <span class='ocrx_word' id='word_1_257' title='bbox 1000 4062 1053 4126; x_wconf 90' lang='lat' dir='ltr'><strong>sed</strong></span> <span class='ocrx_word' id='word_1_258' title='bbox 1073 4065 1181 4126; x_wconf 81' lang='lat' dir='ltr'><strong>virum</strong></span> <span class='ocrx_word' id='word_1_259' title='bbox 1201 4085 1299 4128; x_wconf 88' lang='lat' dir='ltr'><strong>sacer-</strong></span> 
     </span>
     <span class='ocr_line' id='line_1_31' title="bbox 205 4183 1298 4262; baseline 0.003 -16"><span class='ocrx_word' id='word_1_260' title='bbox 205 4185 296 4247; x_wconf 90' lang='lat' dir='ltr'><strong>rimis</strong></span> <span class='ocrx_word' id='word_1_261' title='bbox 326 4185 527 4246; x_wconf 87' lang='lat' dir='ltr'><strong>caerimoniis</strong></span> <span class='ocrx_word' id='word_1_262' title='bbox 558 4183 764 4247; x_wconf 86' lang='lat' dir='ltr'><strong>vehementer</strong></span> <span class='ocrx_word' id='word_1_263' title='bbox 796 4187 995 4247; x_wconf 90' lang='lat' dir='ltr'><strong>commotum</strong></span> <span class='ocrx_word' id='word_1_264' title='bbox 1028 4203 1063 4248; x_wconf 90' lang='lat' dir='ltr'><strong>ac</strong></span> <span class='ocrx_word' id='word_1_265' title='bbox 1094 4184 1232 4262; x_wconf 85' lang='lat' dir='ltr'><strong>horrore,</strong></span> <span class='ocrx_word' id='word_1_266' title='bbox 1261 4190 1298 4249; x_wconf 91' lang='lat' dir='ltr'><strong>ut</strong></span> 
     </span>
    </p>
   </div>
   <div class='ocr_carea' id='block_1_6' title="bbox 206 4351 375 4360">
    <p class='ocr_par' dir='ltr' id='par_1_6' title="bbox 206 4351 375 4360">
     <span class='ocr_line' id='line_1_32' title="bbox 206 4351 375 4360; baseline -0.006 -2"><span class='ocrx_word' id='word_1_267' title='bbox 206 4351 375 4360; x_wconf 77' lang='grc'>.----</span> 
     </span>
    </p>
   </div>
   <div class='ocr_carea' id='block_1_7' title="bbox 241 4396 1289 4504">
    <p class='ocr_par' dir='ltr' id='par_1_7' title="bbox 241 4396 1289 4504">
     <span class='ocr_line' id='line_1_33' title="bbox 241 4396 1289 4504; baseline 0.002 -15"><span class='ocrx_word' id='word_1_268' title='bbox 241 4396 317 4502; x_wconf 57' lang='lat' dir='ltr'><strong>lici.</strong></span> <span class='ocrx_word' id='word_1_269' title='bbox 335 4439 409 4504; x_wconf 81' lang='lat' dir='ltr'><strong>Apul.</strong></span> <span class='ocrx_word' id='word_1_270' title='bbox 426 4437 485 4486; x_wconf 85' lang='lat' dir='ltr'><strong>Met.</strong></span> <span class='ocrx_word' id='word_1_271' title='bbox 503 4437 537 4497; x_wconf 96' lang='lat' dir='ltr'><strong>II,</strong></span> <span class='ocrx_word' id='word_1_272' title='bbox 554 4439 595 4498; x_wconf 80' lang='lat'><strong>28,</strong></span> <span class='ocrx_word' id='word_1_273' title='bbox 611 4453 682 4502; x_wconf 87' lang='lat' dir='ltr'><strong>quem</strong></span> <span class='ocrx_word' id='word_1_274' title='bbox 698 4436 778 4485; x_wconf 88' lang='lat' dir='ltr'><strong>locum</strong></span> <span class='ocrx_word' id='word_1_275' title='bbox 796 4440 807 4498; x_wconf 65' lang='grc' dir='ltr'><em>ἰ</em></span> <span class='ocrx_word' id='word_1_276' title='bbox 825 4437 855 4485; x_wconf 80' lang='lat'><strong>15</strong></span> <span class='ocrx_word' id='word_1_277' title='bbox 873 4453 897 4502; x_wconf 92' lang='lat' dir='ltr'><strong>p.</strong></span> <span class='ocrx_word' id='word_1_278' title='bbox 916 4439 947 4486; x_wconf 83' lang='grc'><strong>83</strong></span> <span class='ocrx_word' id='word_1_279' title='bbox 964 4455 999 4503; x_wconf 83' lang='lat' dir='ltr'><strong>sq.</strong></span> <span class='ocrx_word' id='word_1_280' title='bbox 1017 4439 1192 4504; x_wconf 79' lang='lat' dir='ltr'><strong>exscripsimus.</strong></span> <span class='ocrx_word' id='word_1_281' title='bbox 1287 4489 1289 4492; x_wconf 79' lang='grc'>,</span> 
     </span>
    </p>
   </div>
   <div class='ocr_carea' id='block_1_8' title="bbox 0 0 1680 5264">
    <p class='ocr_par' dir='ltr' id='par_1_8' title="bbox 0 0 1680 5264">
     <span class='ocr_line' id='line_1_34' title="bbox 0 0 1680 5264; baseline 0 0"><span class='ocrx_word' id='word_1_282' title='bbox 0 0 1680 5264; x_wconf 95' lang='lat' dir='ltr'><strong> </strong></span> 
     </span>
    </p>
   </div>
  </div>
 </body>
</html>
