3354 5262
723 423 763 492 71

196 608 321 683 taam
341 607 490 677 τελούσας
511 629 584 673 curn
603 609 781 674 nutricibus
799 615 961 694 comparat
977 631 1056 695 quae
1069 610 1108 675 ad
1119 612 1286 696 vagientes

197 730 368 798 infantulos
399 729 550 796 sedandos
577 751 639 795 non
661 730 820 815 placidam
844 733 986 814 quietem
1005 731 1065 796 ‘sed
1089 741 1199 796 cantus
1222 753 1287 796 mo-

197 860 310 939 tusque
329 851 489 917 adhibent.
510 850 576 916 Nec
596 872 694 928 mora,
710 853 753 916 ib.
775 874 805 937 p.
828 849 929 918 791a:
952 855 1042 926 ήτῶν
1060 850 1163 927 ἔξωθεν
1180 862 1287 931 κρατεῖ

197 978 307 1051 κίνησις
339 973 565 1054 προσφερομένη
597 978 651 1045 τήν
683 974 764 1046 ε’ντὸς
797 977 935 1054 Φοβεροὶν
966 972 1056 1040 οὖσαν
1082 977 1131 1038 καὶ
1157 977 1287 1050 μανικήν

195 1099 318 1173 κίνησιν,
343 1096 524 1173 κρατήσασα
546 1094 588 1172 δέ,
612 1095 751 1172 γαλήνην
777 1097 910 1174 ήσυχύαν
935 1119 968 1159 τε
994 1097 1023 1160 ε’ν
1045 1107 1081 1176 τῇ
1102 1103 1191 1176 ψυχή
1213 1098 1287 1174 Φαύ-

194 1243 278 1284 νεται
310 1217 556 1298 ἀπεργασαμένη
590 1223 644 1289 τής
677 1216 743 1294 περὶ
769 1218 811 1282 τά
835 1225 888 1289 τῆς
913 1218 1039 1296 καρδίας
1064 1225 1209 1299 χαλεπῆς
1234 1242 1286 1295 γε·

194 1343 315 1418 νομένης
329 1344 465 1408 ἑκάστων
477 1341 644 1419 πηδήσεως,
658 1341 721 1421 (καὶ
735 1343 794 1406 ins.
805 1339 831 1415 l)
844 1344 1046 1406 παντάπασιν
1060 1342 1225 1419 άγαπητύν
1244 1366 1285 1419 τι,

194 1463 263 1536 τοὺς
288 1465 343 1540 μέν
368 1461 459 1529 ύπνου
483 1467 660 1543 λαγχάνειν
684 1472 765 1528 ποιεῖ
785 1471 840 1543 (sc.
864 1463 1062 1542 infantulos),
1086 1464 1155 1536 τοὺς
1181 1463 1207 1527 δ’
1230 1469 1285 1543 (sc.

195 1587 380 1666 initiandos)
404 1587 608 1664 ἐγρηγορότας
633 1586 830 1666 ὀρχουμένους
851 1611 885 1650 τε
906 1587 957 1650 καὶ
980 1587 1182 1660 αὐλουμένους
1203 1588 1286 1661 μετά
1377 1653 1379 1658 ,

197 1711 276 1787 ύεῶν,
309 1702 348 1779 οἷς
383 1707 420 1773 ύιν
444 1714 673 1782 καλλιεροῦντες
698 1705 820 1773 ἕκαστοι
845 1709 942 1787 ύύωτι,
967 1709 1196 1787 κατειργάσατο
1218 1707 1285 1774 cirri

197 1837 329 1907 μανικῶν
355 1831 425 1904 ήμῑν
439 1829 464 1911 1)
489 1828 644 1894 διαθέσεων
668 1825 743 1902 ἕξεις
768 1829 921 1911 ἔμφρονας
947 1830 1041 1912 ἔχειν.

240 1951 283 2016 nt
314 1951 453 2016 Bacchae
477 1972 555 2016 sono
579 1954 659 2016 aeris
681 1955 835 2018 excitatae
859 1953 972 2018 solutis
995 1954 1136 2018 crinibus
1159 1954 1287 2018 choreas

196 2076 228 2137 in
261 2062 588 2160 gyrum'llectebant¹
619 2079 657 2138 ut
687 2074 790 2139 divini
819 2077 989 2160 participes
1022 2075 1131 2140 fierent
1161 2075 1286 2139 furoris.

195 2193 331 2258 Eosdem
367 2193 545 2259 saltationis
579 2200 687 2260 motus
718 2201 750 2260 et
779 2198 814 2259 in
842 2218 875 2260 re
906 2199 1031 2284 magica
1061 2198 1288 2261 usitatissimos

196 2315 293 2381 fuisse
319 2323 455 2380 testatur
479 2315 625 2393 Ovidius,
649 2316 729 2382 Met.
753 2316 822 2391 Vll,
847 2315 912 2384 257
937 2339 982 2403 sq.

717 2498 841 2584 Sparsis
864 2501 978 2565 Medea
1001 2499 1124 2586 capillis

331 2622 548 2688 Bacchantum
571 2624 638 2687 ritu
660 2621 830 2709 flagrantes
853 2625 967 2688 circuit
990 2644 1068 2688 aras.

197 2806 307 2892 Neque
342 2805 437 2870 aliter
471 2805 555 2890 apud
590 2804 734 2870 Psellum
764 2805 833 2872 loco
865 2827 960 2891 supra
990 2804 1086 2870 allato
1119 2809 1218 2892 magi,
1250 2811 1288 2870 ut

199 2927 345 3005 δαίμονας
376 2929 495 2995 ἐνάλους
529 2926 674 3003 eliciant,
707 2929 788 3004 πυρά
819 2929 849 2992 δέ
875 2927 978 2990 πολλά
1004 2928 1184 3004 cisterci
1211 2950 1289 3002 περι-

198 3054 369 3130 γράφοντες
407 3048 590 3124 ἐξάλλονται
627 3058 679 3123 τῆς
714 3049 846 3127 Φλογύς.
888 3045 920 3124 ήν
955 3048 985 3113 δέ
1022 3049 1072 3112 καὶ
1109 3054 1198 3112 τοῦτο
1233 3055 1287 3121 τής

199 3179 340 3241 παλαιοῖς
360 3173 540 3250 βακχείας,
561 3169 610 3237 ἵνα
630 3176 673 3247 μή
694 3171 776 3248 λέγω
797 3173 930 3249 μανίας,
952 3172 1046 3247 μερίς.
1082 3163 1205 3248 zoaras
1226 3172 1289 3252 γάρ

197 3292 358 3372 Ἕλληνες,
388 3294 575 3373 ύμιχλάδσυς
607 3299 660 3358 τοῦ
693 3295 764 3370 ὑπὲρ
796 3297 938 3371 κεφαλήν
970 3293 1053 3368 άέρος
1078 3295 1288 3374 τυγχάνοντος

200 3413 252 3482 καὶ
284 3424 424 3494 παχεῖαν
454 3419 508 3490 τήν
539 3417 687 3481 σύστασιν
715 3414 849 3496 ἔχοντος,
874 3417 932 3486 τάς
958 3419 1121 3484 κατιούσας
1146 3415 1287 3490 δυνάμεις

200 3541 360 3618 εἱλικρινιῖνς
390 3548 454 3611 τοῖς
485 3546 629 3604 καλοῦσιν
660 3539 797 3611 ὁμιλεῖν·
831 3539 844 3602 ὂ
876 3538 906 3602 δέ
937 3562 976 3615 γε
1009 3534 1118 3606 κύκλος
1152 3547 1289 3617 κατοχῆς

200 3660 266 3742 ἔχει
290 3663 428 3734 δύναμιν.
454 3660 623 3725 Maenades
643 3667 761 3738 autem,
781 3663 815 3724 in
836 3660 980 3723 ἔκστασιν
999 3663 1175 3743 provectae,
1201 3680 1292 3744 quae-

200 3786 249 3849 vis
276 3771 342 3848 sese
365 3781 482 3859 videre,
507 3782 626 3858 audire,
651 3803 758 3867 sapere
782 3782 947 3867 putabant,
973 3780 1011 3845 cf.
1037 3779 1089 3844 Ps.
1115 3779 1198 3844 Plat.
1223 3780 1290 3846 Ion.

200 3927 231 3990 p.
268 3904 369 3969 534a:
405 3904 438 3968 al
469 3902 596 3983 βάκχαι
628 3906 770 3976 άρύονται
803 3904 836 3967 ἐκ
868 3908 925 3965 τῶν
957 3908 1104 3974 ποταμῶν
1136 3902 1207 3975 μέλι
1239 3902 1290 3964 καὶ

200 4022 290 4103 γάλα
323 4025 545 4106 κατεχύμεναι,
578 4024 724 4101 ἔμφρονες
760 4023 786 4088 δ’
809 4019 895 4087 οὖσαι
927 4019 970 4084 ού.
1005 4020 1089 4086 Hinc
1115 4020 1166 4085 illi
1188 4023 1291 4088 fontes

202 4149 270 4212 vini
303 4153 415 4231 sponte
450 4146 662 4232 prosilientes,
693 4145 767 4210 hinc
799 4146 881 4209 vites
910 4141 985 4208 illae
1017 4143 1108 4208 brevi
1138 4147 1292 4231 temporis

200 4309 370 4327 1.--

236 4411 260 4471 1)
277 4408 370 4474 Ecquid
387 4405 458 4468 πρὶνέ
