3354 5262
732 1282 804 1369 §a

262 1461 310 1528 De
341 1461 515 1527 Eleusiniis
541 1467 706 1549 mysteriis
729 1486 803 1530 cum
833 1471 881 1531 tot
904 1485 939 1530 ac
964 1470 1030 1530 tam
1055 1466 1180 1531 diversa
1203 1488 1222 1532 a
1243 1470 1322 1533 viris

218 1583 318 1650 doctis
339 1587 373 1647 in
395 1583 540 1648 medium
564 1587 628 1649 sint
651 1585 783 1670 prolata,
809 1592 846 1650 ut
869 1589 942 1664 tiro,
967 1607 1140 1671 quemnam
1159 1593 1319 1673 sequatur,

217 1708 356 1770 incertus
387 1707 525 1788 haereat,
557 1727 694 1792 cumque
725 1710 803 1794 ipsis
826 1708 976 1785 fontibus,
1001 1711 1068 1772 sive
1091 1707 1247 1772 librorum
1271 1708 1321 1772 ad-

217 1826 328 1891 hibeas
351 1828 537 1891 testimonia
558 1830 626 1892 sive
645 1827 800 1912 lapidum,
821 1831 948 1893 nonnisi
969 1830 1153 1894 cautissime
1163 1829 1320 1894 utendum

219 1953 270 2027 sit,
303 1970 440 2034 cumque
471 1971 487 2015 e
517 1949 630 2016 laceris
661 1952 851 2037 fragmentis
880 1951 1008 2036 lateque
1032 1951 1181 2036 dispersis
1205 1953 1259 2015 vix
1284 1972 1319 2016 ac

216 2092 256 2136 ne
287 2073 342 2136 vix
367 2070 496 2156 quidem
518 2076 623 2136 totum
648 2071 758 2158 colligi
781 2079 885 2157 queat,
911 2073 995 2158 quod
1016 2093 1117 2157 neque
1142 2093 1160 2136 a
1182 2075 1319 2137 veritate

215 2192 382 2257 abhorreat
413 2199 444 2256 et
475 2191 639 2278 splendore
664 2213 699 2257 ac
724 2199 891 2258 venustate
915 2193 1055 2258 detineat
1080 2195 1219 2269 animos;
1245 2197 1318 2277 peto

214 2311 409 2378 abenevolo
432 2311 549 2378 lectore
572 2315 710 2390 veniam,
735 2316 772 2390 si,
798 2334 878 2398 quae
902 2316 1079 2398 scripturus
1104 2333 1188 2389 sum,
1209 2315 1318 2377 minus

214 2432 355 2498 dilucida
378 2440 472 2498 erunt
494 2436 664 2519 minusque
687 2433 852 2521 eleganter
875 2434 1051 2498 decurrent.

259 2551 480 2620 Oonsideranti
508 2560 617 2619 autem
642 2555 724 2618 mihi
747 2575 783 2619 ac
806 2556 977 2632 dubitanti,
1000 2554 1162 2620 undenam
1185 2557 1317 2618 initium

214 2695 359 2760 caperem
389 2674 574 2759 disputandi
606 2675 643 2739 de
675 2696 709 2739 rs
740 2681 808 2740 tam
839 2675 971 2739 obscure
1002 2680 1132 2760 tamque
1158 2677 1316 2751 mirisela,
1352 2671 1357 2686 '

214 2797 416 2859 tutissimum
446 2797 554 2858 visum
583 2800 641 2872 est,
673 2802 879 2880 praeceptum
908 2798 998 2879 sequi
1020 2799 1198 2880 antiquitus
1221 2794 1317 2858 tradi-

213 2921 296 2994 tum,
321 2916 362 2980 rol
388 2916 483 2996 μικρὰ
508 2912 657 2992 μυεῖσθαι
681 2916 736 2994 πρὸ
761 2917 819 2980 τῶν
842 2915 1004 2993 μεγάλων.
1040 2915 1169 2980 Etenim
1193 2914 1317 2980 Eleusi-

213 3039 313 3102 niacis
343 3039 411 3101 sive
443 3036 618 3100 maioribus
646 3039 810 3122 mysteriis
835 3039 958 3101 initiari
982 3039 1038 3120 qui
1059 3037 1238 3121 cupiebant,
1264 3057 1316 3100 eos

214 3162 378 3224 minorum
400 3159 544 3241 primum
568 3158 664 3242 Agris
687 3159 859 3242 participes
882 3157 951 3222 fieri
974 3159 1205 3244 mysteriorum
1229 3178 1318 3242 opor-

213 3281 312 3356 tebat,
344 3298 424 3362 quae
454 3298 563 3342 mense
594 3281 764 3362 quotannis
796 3276 1036 3342 celebrabantur
1063 3279 1316 3344 Anthesterione.

213 3399 334 3464 Verum
360 3419 417 3464 nec
441 3398 479 3463 de
503 3396 681 3462 minoribus
704 3397 810 3462 teletis
834 3417 914 3480 quac
938 3398 1022 3482 apud
1046 3401 1213 3483 scriptores
1238 3401 1318 3474 anti-

213 3543 291 3606 quos
320 3519 462 3606 legimus
495 3521 688 3604 paucissima
719 3525 787 3582 tam
811 3518 888 3582 bene
911 3521 995 3582 inter
1018 3540 1051 3583 se
1075 3521 1255 3596 cohaerent,
1278 3524 1316 3582 ut

213 3662 395 3727 expressam
424 3643 601 3726 imaginem
628 3641 843 3725 mysticarum
867 3641 1133 3703 caerimoniarum
1156 3640 1248 3705 nobis
1271 3643 1318 3704 in-

213 3763 350 3827 formare
371 3764 541 3846 possimus.

258 3882 419 3967 Stephano
452 3885 478 3946 si
502 3879 662 3946 credimus
685 3879 863 3965 Byzantius
880 3880 914 3959 ¹),
940 3881 1064 3944 minora
1087 3882 1245 3965 mysteria
1268 3881 1316 3955 μί-

212 4028 307 4080 μημα
342 4004 473 4068 fuerunt
503 4009 561 4066 τῶν
595 3999 660 4079 περὶ
693 4002 744 4066 τὸν
778 3999 930 4077 Διόνυσον,
962 4003 984 4062 i.
1009 4021 1036 4063 e.
1068 4003 1316 4083 repraesentatio

212 4123 327 4210 Zagrei
356 4145 374 4187 a
402 4122 525 4188 Titanis
550 4121 721 4186 dilacerati.
749 4119 867 4188 Contra
890 4123 917 4183 si
942 4117 1141 4186 Clementem
1165 4120 1315 4185 audimus

249 4341 275 4401 1)
300 4338 384 4402 steph.
408 4336 465 4399 Byr.
491 4335 507 4383 i.
526 4351 548 4383 v.
572 4333 665 4396 Ἄγραι.
696 4334 733 4382 Ol.
759 4340 783 4383 et
809 4333 887 4382 Noun.
914 4332 1014 4395 Dionys.
1041 4331 1154 4389 XLVIII,
1181 4333 1230 4380 462
1254 4349 1317 4396 sqq,

215 4437 323 4485 quaeque
341 4419 407 4468 hisce
421 4418 450 4467 (le
468 4417 527 4465 locis
545 4417 654 4481 disputat
671 4416 698 4464 u.
717 4416 815 4474 Messe,
834 4416 945 4479 Orpheus
963 4430 985 4478 p.
1005 4413 1035 4462 81
1056 4413 1111 4461 adn.
1131 4413 1197 4474 106).
