3350 5264
900 411 942 479 74

375 594 448 660 thee
478 601 597 674 autem,
628 599 719 662 ouius
751 598 908 683 quaedam
939 604 971 662 et
1001 600 1035 661 in
1066 595 1219 682 reiigione
1249 575 1465 662 Samothracia

375 722 464 781 erant
499 723 604 802 paries
619 715 655 798 ¹),
690 721 723 782 in
754 720 865 806 hymn.
899 719 996 805 Orph.
1028 718 1172 793 LXXIV,
1205 718 1315 785 8-10
1346 722 1390 784 sic
1417 722 1462 784 in·

374 845 521 902 vocatur:

509 989 607 1067 σίλλόο,
630 989 684 1054 όιόι
709 989 860 1067 δέσποινα,
885 991 989 1067 μόλοις
1014 990 1170 1068 ἐπαρωγὸς
1196 991 1286 1055 ἐοῦσα
1352 995 1356 1002 ’

509 1096 608 1170 νηυσίν
632 1097 682 1161 ἔπ’
706 1097 865 1172 εὖοίλμοις
890 1099 1030 1176 σοντνίριος
1055 1097 1174 1176 εὔφρονι
1198 1097 1296 1180 βουλῇ

508 1217 643 1291 μύσταις
669 1219 697 1282 ἐν
722 1220 820 1300 πόντῳ
844 1219 1036 1298 ναυσίδροαον
1059 1214 1137 1298 σῦρον
1161 1217 1295 1297 ἄγουσα.

373 1366 416 1431 iii
439 1368 641 1454 Argonautae
664 1370 703 1434 ad
727 1371 866 1436 insulam
889 1374 959 1436 ideo
983 1371 1185 1458 appulerunt,

1039 1521 1119 1602 όφρα
1144 1522 1266 1594 δαίντες

508 1643 649 1724 οίόρνίτσυς
673 1645 809 1725 οίγανῇσι
833 1646 1046 1725 τελεσφορίῃσι
1073 1645 1221 1720 όεριίστας

507 1766 642 1846 σοιότερσι
668 1766 830 1846 κρυόεσσαν
856 1768 941 1846 ὑπεὶρ
964 1765 1030 1832 ἅλα
1054 1770 1273 1844 ναυτίλλοιντο,

373 1915 478 2001 Apoll.
505 1919 581 2004 Arg.
606 1916 631 1995 I,
656 1916 845 1983 916-918.
881 1918 967 1999 Quae
990 1926 1021 1984 et
1045 1923 1078 1984 in
1102 1919 1170 1984 Vol.
1195 1918 1298 1984 Flauo.
1322 1920 1399 2004 Arg.
1423 1918 1464 2000 Π,

374 2035 554 2102 431-440
578 2044 610 2102 et
631 2041 665 2102 in
689 2037 786 2124 Orph.
811 2040 886 2125 Arg.
914 2038 1093 2106 eoo-470
1117 2045 1295 2105 narrantur.
1330 2039 1372 2104 lis
1394 2039 1465 2105 Dio-

374 2156 488 2221 dorum
522 2156 666 2223 Siculum
702 2162 795 2224 iuvat
823 2160 962 2237 laudare,
994 2160 1031 2238 V,
1062 2159 1122 2225 49:
1156 2160 1359 2239 διαβεβόηται
1390 2161 1415 2224 δ’
1448 2162 1465 2235 ἡ

373 2280 485 2343 τσότυν
518 2287 576 2344 τῶν
609 2283 679 2345 θεῶν
710 2283 878 2359 ε’πιφσίνεια
909 2283 961 2346 καί
993 2283 1161 2362 παροίδοξος
1187 2283 1216 2346 ἐν
1239 2290 1301 2354 τοῖς
1326 2284 1465 2356 κινδύνοις

374 2400 501 2478 βοόόεια
536 2409 597 2475 τοῖς
635 2403 908 2480 ἐπικαλεσαμένοις
944 2410 1002 2468 τῶν
1032 2406 1213 2480 μυνόέντοιν.
1246 2442 1289 2454 -
1321 2406 1372 2468 καί
1403 2405 1466 2485 γόιρ

372 2523 495 2588 Ἰοίσονα
519 2527 569 2589 καί
593 2524 781 2604 Διοσκόρους,
802 2525 891 2590 ἔπιδ’
913 2526 1067 2604 Ἡρακλέα
1082 2527 1133 2589 καί
1149 2524 1281 2612 Ὀρφέα,
1296 2527 1465 2602 μυνόέντας

373 2647 532 2727 ἐπιτυχεῖν
565 2649 594 2711 ἕν
626 2647 743 2719 πσίσαις
774 2657 844 2718 ταῖς
874 2650 1049 2726 στρατείαις
1074 2647 1124 2712 διόι
1149 2650 1202 2718 τίον
1226 2653 1284 2711 τῶν
1308 2649 1377 2710 όεῶν
1401 2647 1467 2712 τού-

370 2793 429 2833 τιιν
457 2769 651 2848 ἐπιφάνειαν.
687 2769 846 2850 Quorsum
871 2776 902 2834 et
924 2772 1063 2855 pertinet
1085 2755 1224 2834 narratio
1248 2772 1282 2833 in
1306 2767 1401 2834 schol.
1425 2768 1466 2833 ad

371 2890 477 2977 Apoll.
501 2891 603 2956 Rhod.
627 2893 704 2979 Arg.
728 2892 753 2969 I,
779 2889 861 2958 917:
886 2893 938 2957 καί
962 2893 1186 2969 Ἀγαμέμνονα
1211 2892 1242 2956 δί
1263 2899 1344 2968 φασι
1365 2915 1462 2967 μεμυ-

372 3011 479 3090 νρριίνον
510 3013 540 3077 ἒν
570 3023 695 3092 ταραχῇ
727 3011 798 3077 όντα
829 3023 931 3092 πολλῆ
963 3013 1047 3076 κατὰ
1079 3013 1191 3089 Τροίαν
1223 3010 1465 3076 σίκαταστασίαν

372 3140 429 3198 τῶν
452 3135 606 3207 Ἑλλήνων
628 3139 748 3199 παῦσαι
772 3134 941 3212 πορφυρίδα
965 3134 1091 3214 ἔχοντα.
1117 3132 1257 3220 Mysiioa
1278 3131 1465 3200 cabirorum

372 3258 502 3321 nomina
524 3254 664 3321 amuleto
687 3257 814 3321 auidam
836 3258 989 3340 inscripta
1008 3260 1082 3319 sunt
1101 3253 1307 3319 Vindonissae
1327 3261 1464 3339 reperio,

371 3376 410 3441 of.
442 3378 572 3460 Onnum,
604 3377 700 3443 Insor.
732 3377 788 3442 lot.
822 3380 868 3441 n0.
901 3376 977 3453 440,
1010 3376 1044 3440 F.
1077 3376 1279 3440 Lnnosusur
1308 3375 1354 3441 Jr.
1385 3379 1407 3440 i.
1433 3397 1464 3440 v.

374 3493 496 3575 (iamai,
528 3497 611 3563 Dici.
644 3499 673 3562 d.
699 3503 763 3562 ani.
789 3495 845 3563 Gr.
872 3504 903 3562 et
927 3496 1019 3562 Rom.
1045 3503 1122 3562 tom.
1147 3497 1172 3576 Ι,
1198 3520 1228 3582 p.
1254 3494 1318 3563 759
1343 3519 1388 3582 sq.
1423 3494 1466 3559 Et

373 3619 508 3685 annulos
549 3620 784 3686 Samothraoios
818 3623 887 3685 vieo
922 3619 1114 3706 phylacterii
1148 3621 1272 3684 functos
1303 3640 1370 3684 esse
1404 3639 1466 3682 non

373 3743 441 3806 sine
471 3743 615 3806 veritatis
646 3744 747 3826 speeie
777 3743 911 3806 oonieoit
941 3742 1100 3807 Aeuomus
1122 3744 1155 3804 in
1180 3740 1248 3806 Pol.
1272 3740 1365 3806 Thes.
1390 3741 1464 3806 Ani.

373 3862 464 3928 Rom.
500 3859 556 3928 Gr.
587 3861 670 3926 Nov.
701 3860 813 3946 Suppl.
846 3869 923 3926 tom.
955 3861 995 3938 ΙΙ,
1028 3884 1059 3946 p.
1090 3860 1155 3927 897
1178 3883 1223 3947 sq.
1262 3865 1365 3946 Atque
1388 3861 1465 3924 haee

373 3982 501 4068 quidem
534 3982 571 4047 de
602 3984 781 4048 initiatione
789 4003 797 4060 3
829 3983 867 4048 de
898 3981 1092 4047 solemnibus
1115 3986 1170 4046 rix
1194 3982 1380 4067 quidquem,
1403 3983 1466 4045 nisi

372 4182 542 4193 ι’*-

406 4318 430 4379 1)
451 4317 607 4366 Samothrece
624 4317 799 4382 antiquissimis
817 4316 966 4381 temporibus
983 4317 1116 4365 vocabatur
1135 4317 1267 4376 Λευκοσίοι,
1285 4317 1315 4365 oi.
1332 4315 1464 4363 Somnus

371 4400 388 4449 i.
407 4417 430 4450 v.
448 4400 593 4460 Leucothea,
611 4400 668 4450 Lex.
685 4401 780 4461 Rosoh„
798 4409 856 4450 tom.
874 4400 907 4458 ΙΙ,
925 4416 949 4464 p.
967 4399 1040 4449 oola
