3350 5264
634 533 636 536 .
721 472 783 540 127

202 660 326 740 spectra
348 657 544 742 imaginibus
568 656 697 742 speculo
720 657 911 741 repercussis
935 656 1052 722 melius
1075 655 1164 722 reddi
1186 677 1294 742 posse,

141 847 143 852 ,
202 797 298 860 quom
332 775 512 842 simulacris
545 773 684 862 ligneis?
718 777 824 854 Adde,
856 777 939 862 quod
970 777 1093 848 dicendi
1116 779 1208 854 ratio,
1233 798 1295 862 quo

201 900 305 962 utitur
338 897 439 974 Plato,
463 897 559 964 eliam
582 900 670 962 vocis
692 900 989 983 interpretationem
1012 919 1074 962 non
1098 896 1297 984 admittit'l).

200 1017 252 1084 Sic
276 1025 308 1084 et
331 1018 532 1097 Plutarchus,
556 1023 647 1086 cuius
677 1020 739 1106 frg.
768 1020 806 1084 ds
835 1041 885 1086 en.
914 1020 935 1086 2
966 1019 1005 1086 ad
1031 1017 1194 1088 Eleusinia
1223 1042 1293 1106 my-

199 1143 296 1206 sterio
336 1141 438 1228 vulgo
472 1143 617 1219 refertur,
661 1147 799 1219 statuas,
836 1142 919 1228 quod
958 1144 1075 1218 sciam,
1110 1161 1291 1226 nunquam,

200 1282 291 1347 saepe
333 1264 402 1328 vise
443 1265 477 1326 in
519 1265 652 1328 somniis
695 1283 730 1328 ac
773 1268 895 1348 spectra
930 1263 1093 1342 φάσματα
1129 1270 1223 1329 vocat
1262 1269 1294 1330 et

198 1383 421 1462 φαντάσματα
435 1383 471 1464 ²).
505 1385 571 1450 Nec
602 1384 767 1460 Aristides,
800 1387 856 1468 qui
880 1383 966 1456 Orat.
990 1383 1079 1462 XIX,
1104 1405 1135 1470 p.
1161 1373 1226 1450 416
1250 1386 1292 1450 fs·

197 1506 291 1571 bulee
323 1505 361 1570 de
386 1503 507 1584 Cerere,
532 1505 731 1592 Proserpina,
755 1504 962 1590 Triptolemo,
986 1511 1099 1591 utpote
1122 1505 1207 1572 nulli
1229 1527 1291 1570 non

197 1629 381 1693 notissimae
411 1628 452 1692 τά
478 1626 592 1708 άρῥντα
617 1629 747 1713 opponit
772 1625 944 1706 φάσματα,
969 1625 1066 1692 oliam
1090 1627 1176 1692 hisce
1200 1647 1292 1692 voco-

194 1747 280 1812 bulis
302 1750 433 1814 subiicit
452 1748 727 1835 sIgnificetionem,
749 1747 834 1814 Orat.
859 1769 936 1814 sacr.
958 1748 998 1826 II,
1011 1747 1140 1834 1³:467:
1164 1747 1289 1826 ίάματα
1379 1840 1381 1843 ¹

194 1869 309 1942 παντὸς
340 1869 437 1942 είδους
468 1872 519 1937 καί
552 1870 714 1947 διαλόγους
747 1871 831 1942 τινάς
857 1870 971 1950 εὑρήσει
996 1875 1052 1952 (so.
1078 1874 1133 1956 qui
1157 1870 1219 1939 diis
1242 1873 1290 1935 irr-

194 1993 303 2070 cubat)
333 1992 385 2056 καὶ
417 1991 526 2068 λόγους
561 1993 591 2055 ἕν
621 1994 712 2068 μάκει
743 1993 794 2056 καί
827 1991 989 2070 φάσματα
1021 1991 1287 2058 παντοῖα-ΟΜ.

195 2135 271 2179 secr.
292 2113 345 2192 IV,
365 2137 394 2200 p.
408 2101 501 2178 '5022
519 2116 608 2178 Ἔτει
630 2110 747 2194 δεκάτῳ
771 2117 939 2194 περιάκυντι
959 2122 1016 2190 τῆς
1028 2115 1184 2186 cistercius
1199 2115 1288 2180 ἐπελ-

196 2237 242 2300 ltu
265 2235 384 2315 φάσμα
407 2234 499 2314 ἔλεγε
519 2235 620 2301 ποίοιδτ
642 2251 723 2314 κτλ.,
745 2235 830 2301 Orat.
852 2249 928 2302 sacr.
953 2235 1005 2313 VI,
1025 2258 1056 2321 p.
1080 2235 1287 2300 5512πολλά

195 2359 246 2422 καί
267 2359 436 2435 θαυμαστά
460 2359 572 2438 ἐφοίτα
590 2358 812 2438 φαντάσματα
832 2355 952 2434 άγοντα
973 2359 1015 2428 είς
1028 2359 1216 2436 Ἐπίδαυρον.
1242 2357 1288 2424 Ac

193 2480 274 2545 sorte
304 2481 432 2545 fortune
455 2483 569 2556 evenit,
595 2484 632 2544 ut
655 2479 692 2544 de
716 2481 849 2560 άρριὶτοις
872 2478 938 2546 Illis
962 2479 1112 2558 φάσμασι
1137 2477 1231 2564 pluro
1252 2481 1288 2544 in

193 2602 336 2668 medium
355 2601 533 2687 protulerit.
553 2601 636 2667 Nem
657 2603 743 2666 Oret.
757 2600 846 2678 XIII,
863 2598 1289 2696 p‚23.iorsesos1npugna

192 2723 368 2790 Salaminia
397 2726 495 2788 etiem
525 2731 587 2793 τοῖς
619 2722 676 2786 ἄπ’
700 2725 869 2794 Ἐλευσῖνος
895 2722 1043 2800 φάσμασι
1069 2721 1286 2785 adiutosesse

191 2846 336 2912 affirmet.
373 2826 459 2925 Quae
488 2843 652 2924 φάσματα
683 2843 789 2929 qualia
819 2843 949 2920 fuerint,
980 2843 1071 2910 docet
1102 2841 1285 2908 Herodotus

190 2967 274 3043 VIII,
292 2967 346 3046 65,
359 2967 451 3032 docet
462 2971 494 3032 et
504 2969 572 3052 ipse
585 2965 748 3044 Aristides,
766 2963 842 3032 Oret
864 2963 954 3042 XIX,
967 2988 997 3051 p.
1010 2963 1074 3029 418
1088 2984 1152 3049 sq.:
1173 2965 1285 3030 συνιού-

191 3114 244 3161 σκς
276 3095 330 3161 τῆς
357 3089 545 3169 νανμαγιάςΙ
564 3087 710 3168 ἐξεφοίτα
733 3087 790 3163 μὲν
814 3089 828 3150 ν’
852 3088 976 3165 Ἴακχος
1002 3087 1279 3167 ουννανμοιχιίοιον,

191 3210 280 3290 νέφος
312 3210 343 3276 δὲ
375 3211 497 3290 ίρμκίέν
527 3201 585 3274 'or’
617 3213 788 3280 Ἐλευσῖνος
814 3207 866 3274 καί
892 3208 1005 3286 ὑψυίὲν
1031 3207 1103 3288 ὑπὲρ
1128 3214 1187 3272 τῶν
1212 3215 1281 3274 νεῶν

191 3331 427 3410 ἐγκατέσκηψεν
450 3333 492 3404 είς
527 3333 584 3403 τάς
610 3319 667 3396 τῶν
692 3330 858 3410 βαρβάρων
883 3325 956 3400 vete
978 3325 1047 3405 άμα
1068 3331 1109 3394 τῶ
1129 3327 1218 3406 μέλει
1240 3330 1282 3409 τῷ

191 3457 339 3534 μυστικῷ.
354 3452 535 3534 Ξέρξης-δ’
545 3451 671 3532 ἔφευγε,
685 3453 736 3516 καί
750 3453 791 3517 τά
804 3451 915 3525 Μήδιον
926 3450 1093 3530 πράγματ’
1105 3451 1282 3516 άπάλλντο.

191 3573 238 3644 Of.
263 3582 295 3642 et
315 3575 402 3642 Oret.
414 3573 466 3640 IV
486 3578 531 3654 (in
551 3576 724 3653 Bacchum)
736 3596 767 3658 p.
782 3572 902 3658 50sq.:
916 3556 1039 3652 κάρυκες
1053 3573 1147 3638 δὲκαὶ
1161 3575 1283 3652 Εὐμολ-

189 3698 275 3762 πίδαι
307 3695 451 3775 πάρεδρον
483 3695 682 3766 Ἐλευσινίαις
711 3695 802 3760 αὐτὸν
829 3695 1006 3771 ἐσπάσαντο,
1031 3701 1151 3772 καρπῶν
1176 3691 1281 3774 ἔφορον

190 3818 241 3883 καί
266 3825 379 3900 τροφῆς
404 3816 575 3896 άνίράποις.
611 3813 624 3880 ὃ
649 3816 678 3880 δὲ
705 3817 800 3894 τούτῳ
825 3815 948 3891 πρέπειν
972 3838 1023 3891 μοι
1048 3815 1129 3879 δοκεῖ
1150 3817 1282 3896 προοίιΐ·

189 3966 248 4020 ναι,
269 3940 355 4015 μίνος
375 3941 437 4018 γάρ
457 3945 515 4003 τῶν
535 3939 615 4018 ἱερῶν
635 3938 815 4016 φασμάτων
837 3936 1032 4016 ἐξεφοίτησεν
1053 3936 1083 3999 ἐν
1104 3938 1145 4016 τῷ
1159 3937 1279 4018 κινδύνῳ

173 4065 230 4143 ’τῷ
265 4062 400 4143 Μηδικῷ.
436 4061 463 4126 n
497 4061 612 4146 quibus
645 4058 722 4124 locis
757 4058 833 4144 quid
868 4060 1022 4144 sequitur,
1054 4059 1117 4122 nisi
1150 4059 1192 4124 τά
1224 4060 1281 4123 ἄπ’

189 4201 358 4211 a—-u—

223 4281 250 4342 1)
268 4279 304 4328 Of.
322 4277 385 4326 Astii
401 4275 515 4324 Loricam
533 4274 687 4324 Platonicum
704 4272 721 4321 i.
738 4288 761 4320 v.
778 4269 878 4334 φάσμα.

223 4362 247 4421 2)
275 4360 311 4411 CI.
335 4359 485 4408 Glossarium
507 4357 689 4416 Plutureheum,
712 4355 736 4404 id
760 4360 796 4404 est
820 4352 868 4402 vol.
886 4351 947 4400 VIII
971 4351 1008 4401 ed.
1031 4351 1201 4416 Wyttcnboch.
1223 4351 1240 4400 i.
1257 4368 1280 4403 v.

189 4441 281 4505 φάσμα
299 4449 323 4491 et
339 4440 486 4504 φάντασμα.
