3350 5264
719 463 761 532 87

202 645 283 714 Oels.
319 645 384 724 ΙΠ,
420 644 479 722 36,
516 666 611 730 quem
645 647 790 732 proxima
821 647 1017 732 paragrapho
1047 649 1185 712 strictim
1215 650 1286 712 atti·

200 747 437 855 gimus,totus
458 766 510 832 hic
535 767 730 832 exhibendus
753 772 810 832 661.
833 764 967 852 'Agitur
989 768 1027 833 de
1051 768 1167 834 divinis
1189 770 1285 834 hono-

200 889 296 967 ribus,
329 909 408 973 6666
440 885 550 955 Celsus
580 887 715 953 eundem
747 890 780 952 in
804 889 935 954 modum
959 885 1107 969 Antinoo,
1130 889 1286 956 Hadriani

198 1013 398 1096 imperatoris
437 1009 569 1088 deliciis,
605 1031 640 1076 66
675 1010 750 1076 1666
786 1013 955 1098 contigisse
991 1011 1122 1078 dixerat.
1170 984 1287 1080 066166

198 1133 349 1222 Origenes
381 1154 445 1199 666
481 1133 653 1218 eodemque
686 1133 794 1198 ordine
826 1139 859 1198 61
889 1135 1146 1219 impurissimum
1176 1135 1287 1200 haberi

197 1258 382 1322 catamitam
416 1261 447 1320 61
483 1253 647 1322 Christum
683 1256 929 1332 sanctissimum,
963 1253 1056 1320 valdo
1087 1255 1284 1342 indignatur.

197 1377 325 1444 Scilicet
357 1398 409 1442 ne
426 1377 648 1442 infestissimos
678 1376 808 1462 quidem
836 1378 983 1441 inimicos
1014 1397 1156 1462 unquam
1177 1377 1284 1443 Iesum

197 1499 249 1566 vel
287 1501 495 1564 tenuissima>
514 1497 656 1564 libidinis
698 1500 919 1583 perstrinxisse
962 1501 1157 1584 6666161666-
1196 1497 1285 1579 Quod

198 1643 272 1688 vero
302 1620 342 1686 ad
373 1619 497 1685 divinos
527 1618 601 1684 11166
625 1621 759 1684 61116661
781 1620 924 1697 honores,
948 1620 1087 1684 Antinoo
1109 1625 1182 1706 6661
1203 1641 1286 1686 mor·

198 1749 266 1808 tem
296 1763 315 1806 a
344 1743 485 1827 principe
516 1761 686 1820 concessos,
711 1761 763 1805 666
786 1762 820 1806 66
843 1761 919 1806 vcra
940 1743 1023 1806 tanti
1044 1763 1107 1806 666
1130 1761 1207 1818 6666,
1231 1741 1284 1806 aa)

198 1863 281 1944 είπερ
304 1864 482 1946 φιλαλήθως
506 1863 557 1928 aci
582 1861 759 1936 άδεκάσπως
784 1864 826 1929 τά
849 1863 915 1942 περὶ
940 1864 990 1928 τὸν
1011 1864 1161 1928 Ἀντίνουν
1181 1863 1284 1940 ἐξετά-

198 1986 240 2069 ζοι
259 2011 328 2065 τις,
360 1987 562 2063 μαγγανείας
595 1984 632 2052 άν
663 1988 842 2064 Αἰγυπτίων
874 1986 925 2050 καὶ
956 1986 1086 2058 τελετάς
1119 1982 1194 2066 εὕροι
1224 1987 1283 2057 τάς

196 2111 299 2181 οάτίοις
322 2113 375 2173 τοῦ
400 2108 505 2174 δοικεῒν
525 2133 555 2173 τι
576 2107 668 2172 αὐτὸν
687 2116 781 2172 ποιεῖν
801 2109 830 2172 ἐν
850 2106 1000 2174 Ἀντινόου
1020 2109 1107 2174 πόλει
1127 2108 1178 2173 κον)
1198 2109 1283 2186 μετά

196 2233 251 2306 τὴν
285 2232 429 2305 τελευτὴν
465 2231 576 2295 κὺτοῦ·
613 2227 684 2309 ὅπερ
720 2230 771 2294 κον-1
804 2230 854 2294 ἐπ’
885 2227 989 2295 άλλων
1020 2232 1088 2295 νεῶν
1120 2231 1283 2311 ἱστορεῖται

198 2353 254 2418 ὑπὸ
278 2352 457 2432 Αἰγυπτίων
479 2352 530 2416 xci
555 2359 612 2416 τῶν
635 2353 676 2416 τὰ
700 2357 830 2417 τοιοῦτον
854 2351 952 2417 δεινῶν
975 2351 1145 2430 γεγονένοω,
1172 2349 1202 2416 ἔν
1221 2375 1282 2416 τισι

197 2475 298 2547 τόποις
330 2475 483 2556 ἱδρυόντων
506 2473 653 2552 δοιίμονοις
669 2472 692 2556 ι)
715 2475 879 2551 μαντικοὺς
902 2474 919 2550 ἢ
944 2474 1105 2553 ἔκτρικοὺς,
1129 2472 1283 2546 πολλάκις

199 2596 230 2661 δὲ
260 2597 312 2662 xci
345 2593 570 2676 βοσκνίζοντοις
600 2595 669 2667 τοὺς
695 2594 856 2668 δοκοῦντάς
880 2620 909 2660 τι
934 2593 1191 2677 ποιροιβεβνκίνοιι
1215 2595 1281 2675 περ)

198 2723 257 2782 τῶν
286 2717 441 2796 τυχόντων
471 2716 643 2794 βρωμάτιον
674 2716 691 2792 ἢ
724 2718 873 2796 περὶτοῦ
897 2718 994 2794 θιγεῖν
1017 2722 1116 2797 νεκροῦ
1141 2718 1283 2794 σάμοοτος

198 2838 389 2918 άνόρωτίνου,
412 2835 459 2902 ίνοι
483 2835 593 2902 δοκοῖεν
616 2835 803 2902 δεδίττεσόοιι
826 2839 877 2903 τὸν
901 2837 995 2902 πολὺν
1015 2837 1066 2901 καὶ
1087 2837 1282 2903 άπιιίδευτον.

152 2988 154 2992 ·
197 2965 327 3031 τοιοῦτος
352 2959 385 3024 δί
409 2961 474 3024 ἐστι
498 2959 549 3025 acci
574 2960 603 3023 ἐν
627 2957 778 3025 Ἀντινόου
802 2959 889 3024 πόλει
914 2967 970 3035 τῆς
995 2958 1156 3038 Αἰγύπτου
1178 2983 1282 3037 νομισ-

198 3083 258 3156 όεὶς
281 3079 357 3146 εἶνοι
383 3081 457 3161 όεός,
481 3077 515 3146 οὗ
538 3081 651 3162 άρετάς
674 3082 701 3147 οί
725 3081 781 3158 μέν
805 3105 883 3154 τινες
904 3081 1156 3164 κυβευτικάτερον
1175 3079 1283 3163 ζῶντες

198 3202 460 3283 κοιτοιψεάδοντοοι,
495 3199 586 3284 ἕτεροι
621 3202 652 3268 δὲ
687 3203 743 3268 ὑπὸ
779 3207 832 3268 τοῦ
867 3205 932 3268 ἐκεῖ
960 3202 1113 3283 ίδρυμένου
1145 3203 1285 3282 δοοίμονος

199 3327 394 3402 άποιπιόμενοι
425 3325 476 3390 aa}
507 3323 596 3390 άλλοι
628 3325 689 3390 άπὸ
721 3327 860 3398 άσόενοῦς
883 3329 937 3390 τοῦ
961 3326 1124 3398 συνειδότος
1150 3326 1284 3409 ἐλεγχό-

198 3473 281 3528 μενοι
300 3447 409 3514 οίονποιι
428 3449 517 3514 τίνειν
538 3449 684 3524 όειίλοιτον
702 3449 764 3514 άπὸ
783 3452 836 3512 τοῦ
859 3448 1009 3514 Ἀντινόου
1030 3450 1141 3524 ποινήν.
1153 3453 1286 3514 τοιοῦτον

198 3571 230 3638 δέ
262 3571 326 3636 ε’στι
358 3569 409 3636 aci
441 3571 483 3635 τά
509 3570 643 3650 δράμενοι
668 3573 767 3638 adroic
790 3573 943 3650 μυστάριοι
967 3571 1017 3636 κοά
1044 3571 1182 3636 δοκοῦσοιι
1207 3595 1283 3641 κοιν-

199 3699 290 3772 τεῖοιι,
314 3688 352 3757 ὦν
375 3690 458 3757 πάνυ
479 3693 602 3771 μοικράν
626 3694 690 3758 ε’στι
714 3693 756 3758 τά
780 3698 833 3757 τοῦ
856 3695 963 3768 Ἰησοῦ.
989 3695 1021 3759 οὐ
1045 3695 1107 3776 γάρ
1130 3691 1286 3759 συνελθόν-

199 3839 244 3887 νες
276 3814 397 3894 γόητες,
429 3813 520 3894 χάριν
551 3814 681 3888 τίνοντες
705 3813 837 3892 βασιλεῖ
858 3838 914 3878 τινι
939 3813 1090 3880 κελεάοντι
1115 3815 1132 3891 ἢ
1158 3809 1284 3894 ἡγεμόνι

199 3935 432 4014 προστάσσουσι,
464 3935 662 4010 πεποιηκέναι
693 3933 795 4012 ἔδοξάν
826 3935 918 4001 αὐτόν
949 3932 1025 4002 εἶνοιι
1056 3938 1119 4003 όεόν
1151 3952 1220 4003 κτλ.
1259 3937 1287 4003 Fr

200 4059 315 4144 quibus
346 4059 508 4137 discimus,
540 4059 578 4124 ab
601 4057 747 4145 Origene,
771 4063 809 4123 ut
831 4059 929 4123 ferme
953 4079 971 4123 a
994 4056 1193 4125 Christianae
1216 4058 1288 4124 fidei

200 4179 425 4259 defensoribus,
449 4183 679 4268 mysteriorum
703 4185 797 4266 atque
819 4178 1018 4244 oraculorum
1036 4180 1190 4246 miracula
1202 4179 1228 4262 ⁹)
1248 4181 1288 4246 ad

200 4303 368 4313 -n-——---—

235 4373 258 4432 1)
274 4370 311 4419 De
327 4371 372 4419 1116
389 4367 507 4430 δυιμόνοιν
525 4367 663 4430 κιιόιδράσει
677 4369 753 4418 166166
770 4369 795 4418 16
812 4368 928 4433 epimetro
945 4368 1049 4418 secundo
1068 4367 1254 4433 disputabimus.

235 4453 259 4514 2)
277 4453 382 4502 Oracula
396 4469 424 4502 6ο
438 4453 551 4517 mysteria
565 4469 613 4502 uno
628 4468 699 4517 66666
714 4451 844 4517 codemque
858 4451 911 4501 loco
926 4451 1011 4501 haberi
1026 4451 1078 4513 §14
1092 4467 1116 4522 p.
1133 4449 1164 4504 70
1173 4451 1285 4510 vidimus,
1366 4467 1368 4472 ·
