3354 5262
846 459 935 558 'ro

362 675 494 740 firmum
525 695 599 739 sane
629 677 679 740 eet
708 673 807 739 Pselli
837 675 1009 761 Byzantini
1040 676 1125 762 quod
1156 675 1295 751 adhibet,
1322 677 1466 739 testimo·

361 798 454 861 nium
469 795 509 875 ¹):
543 795 687 872 Adrasteia
721 795 803 858 ἐστὶν
834 793 908 860 dccv
940 797 1032 869 αὐτὸς
1064 798 1077 862 i
1110 799 1292 874 τελούμενος
1325 797 1367 860 τὰ
1399 795 1463 858 θεῖαι

362 923 455 994 doira
475 916 539 998 ὁρᾷ,
561 917 586 980 εἰ
611 913 827 993 disbracato
852 918 933 982 οὐδὲν
958 919 1024 1002 ὁρᾷ,
1045 919 1058 982 i
1080 919 1111 984 δὲ
1136 921 1189 991 τὴν
1214 920 1342 992 τελετὴν
1366 916 1463 981 διατι·

361 1035 490 1114 θέμενος
513 1037 666 1101 αὖτοπτεΐ
687 1036 721 1100 τὸ
745 1037 940 1117 Φαινόμενον,
966 1039 1116 1104 ἐποπτεία
1141 1043 1231 1103 τοῦτο
1255 1037 1327 1117 πρὸς
1347 1037 1397 1102 τὸν
1418 1061 1465 1100 τε·

361 1156 507 1234 λούμενον
535 1159 678 1234 λέγεται.
707 1157 759 1222 Ps.
792 1179 823 1242 p.
856 1157 909 1222 82.
942 1157 1034 1237 Quod
1065 1161 1250 1243 saepissime
1273 1161 1308 1222 in
1330 1159 1466 1243 magicis

362 1280 507 1344 evenisse
528 1275 769 1356 conventiculis,
794 1298 867 1342 cum
893 1300 910 1342 e
929 1277 1044 1343 multis
1062 1278 1244 1344 multorum
1262 1279 1466 1353 testimoniis,

362 1403 435 1463 tum
466 1405 498 1462 et
528 1418 566 1462 ex
596 1400 764 1464 notissima
794 1397 860 1476 illa,
893 1419 990 1484 quam
1014 1405 1123 1464 sancta
1144 1401 1274 1485 praebet
1297 1403 1465 1485 scriptura,

361 1520 540 1583 narratione
560 1517 598 1582 de
617 1518 814 1604 Pythonissa
832 1524 922 1604 patet
940 1519 1137 1584 Endoreana.
1158 1519 1229 1604 Ipse
1247 1522 1333 1584 enim
1348 1518 1466 1584 Saulus

359 1638 544 1705 Samuelem
573 1660 638 1704 non
668 1639 767 1721 videt,
799 1660 877 1725 saga
910 1661 986 1706 vcro
1017 1661 1125 1706 senem
1155 1639 1319 1705 sevidere
1343 1645 1467 1704 eterra

360 1758 582 1824 ascendentem
599 1757 838 1845 diploidemque
854 1760 1008 1826 indutum
1020 1761 1166 1826 affirmat.
1181 1759 1289 1826 Habet
1300 1781 1356 1825 ren
1368 1759 1465 1825 fidem

360 1879 492 1945 mulieri
508 1884 604 1965 atque
620 1882 721 1945 eiuse
739 1881 844 1946 verbis
857 1902 890 1946 re
902 1903 978 1946 vera
991 1884 1116 1947 venisse
1128 1879 1315 1947 Samuelem
1327 1883 1466 1946 coniicit.

405 2001 485 2065 Mox
524 2000 701 2064 Lobeckius
744 2000 842 2066 aliam
877 2003 939 2065 init
972 2001 1184 2086 expediendae
1219 2001 1386 2066 molestiae
1420 2021 1467 2065 ra·

360 2123 495 2186 tionem.
524 2119 615 2186 Idem
641 2120 763 2186 scilicet
790 2120 1006 2186 simulationis
1028 2142 1132 2207 genus
1155 2141 1174 2186 a
1196 2123 1345 2208 mysticis
1368 2124 1467 2186 sacris

361 2241 504 2306 alienum
527 2262 590 2306 non
613 2241 711 2306 fuisse
734 2241 906 2318 contendit,
931 2240 1016 2325 quod
1039 2244 1074 2306 in
1098 2244 1195 2306 sacris
1219 2239 1358 2325 publicis
1377 2262 1467 2305 usur-

361 2368 476 2448 patum
499 2362 596 2427 fuisse
620 2363 804 2428 observavit
827 2361 958 2427 Servius
979 2362 1018 2427 ad
1041 2363 1120 2428 Aen.
1144 2362 1185 2440 H,
1206 2361 1288 2426 116:
1311 2361 1466 2449 „Virgine

360 2503 459 2562 caesa,
492 2499 556 2549 non
587 2504 671 2562 vere,
704 2483 758 2548 sed
789 2488 827 2547 ut
854 2483 1040 2561 videbatur;
1065 2490 1098 2549 et
1121 2485 1287 2550 sciendum
1310 2487 1345 2547 in
1369 2484 1466 2548 sacris

361 2603 513 2669 simulata
539 2624 597 2690 pro
626 2604 708 2668 veris
731 2604 847 2688 aeoipi;
873 2602 957 2668 unde
982 2625 1082 2690 quum
1107 2605 1146 2670 de
1169 2603 1362 2691 animalibus
1386 2623 1466 2687 quae

360 2725 487 2790 difficile
517 2727 737 2802 inveniuntur,
770 2730 818 2790 est
849 2723 1100 2804 sacrificandum,
1133 2725 1171 2791 de
1202 2746 1283 2811 pane
1314 2722 1367 2790 vel
1396 2743 1467 2788 cera

360 2845 442 2910 fiunt
471 2851 503 2911 et
525 2867 582 2930 pro
605 2847 691 2910 veris
714 2847 915 2929 accipiuntur
940 2883 982 2894 —
1007 2848 1096 2910 etin
1120 2845 1241 2930 templo
1269 2843 1362 2908 Isidis
1386 2862 1467 2926 aqua

360 2987 469 3052 sparsa
492 2967 530 3031 de
549 2966 625 3031 Nilo
647 2986 714 3030 esse
737 2965 922 3030 dicebatur’'
937 2965 973 3046 ²).
998 2965 1109 3030 Refert
1128 2971 1161 3030 et
1181 2964 1244 3030 alia
1257 2963 1403 3029 eiusdem
1413 2983 1467 3048 ge·

359 3089 444 3152 neris
464 3085 609 3173 exempla
631 3085 817 3163 bobeckius,
839 3105 941 3169 neque
957 3086 1080 3163 dubito,
1097 3088 1175 3170 quin
1191 3083 1332 3169 plurima
1344 3086 1467 3168 possint

360 3207 488 3285 referri3
523 3204 577 3270 sed
608 3203 691 3269 nihil
717 3226 888 3270 commune
912 3207 1031 3271 habent
1053 3226 1128 3269 cum
1151 3203 1209 3269 illa
1232 3207 1266 3268 in
1289 3205 1467 3291 theurgicis

359 3326 467 3392 teletis
490 3328 645 3412 autopsia,
671 3324 710 3391 de
730 3346 793 3410 qua
812 3346 909 3411 supra
927 3326 1082 3392 vidimus.
1103 3323 1202 3389 Aliud
1222 3326 1309 3389 enim
1330 3330 1388 3402 est,
1409 3344 1466 3408 pro

358 3449 437 3532 ipsis
471 3446 566 3512 rebus
596 3448 822 3512 commenticia
853 3466 962 3510 rerum
992 3444 1164 3511 simulacra
1195 3445 1340 3509 sensibus
1372 3445 1467 3509 obiici

359 3573 587 3653 spectatorum,
617 3566 715 3649 aliud,
744 3587 794 3631 res
816 3568 978 3632 mentibus
1002 3573 1130 3632 tantum
1153 3587 1264 3630 eorum
1288 3565 1467 3641 informari,

360 3693 477 3757 omisso
501 3691 590 3754 omni
614 3709 769 3754 sensuum
792 3690 989 3753 testimonio.

405 3811 449 3874 At
467 3809 647 3875 Iiobeckius
667 3809 743 3874 haec
764 3829 840 3873 eum
857 3811 892 3872 in
910 3807 1044 3873 modum
1065 3806 1279 3881 conturbavit,
1300 3810 1338 3868 ut
1350 3802 1468 3888 Apulei

357 3930 466 3995 locum
481 4011 484 4018 Ι
501 3929 660 4017 quomodo
690 3932 857 4014 acceperit,
889 3949 946 4014 pro
977 3933 1061 3993 certo
1094 3932 1233 3992 statuere
1264 3946 1329 3988 non
1360 3922 1465 3989 liceat.

359 4051 505 4137 Namque
535 4072 574 4116 ex
605 4049 712 4114 dubiis
744 4050 838 4114 rebus
864 4053 959 4133 atque
981 4051 1065 4118 inter
1088 4067 1120 4112 se
1144 4046 1365 4131 pugnantibus
1389 4047 1467 4111 certi

360 4169 483 4255 aliquid
511 4174 564 4256 qui
589 4167 726 4236 efficias?
757 4171 920 4247 Attamen,
944 4172 981 4247 si,
1006 4188 1085 4254 quae
1111 4169 1221 4232 statim
1244 4166 1315 4233 loco
1338 4166 1467 4233 laudato

361 4290 528 4368 addiderit,
553 4291 630 4355 haec
653 4310 695 4354 sc.

396 4443 420 4504 1)
437 4443 493 4507 Agl.
512 4448 571 4491 tom.
588 4441 609 4499 I,
627 4457 651 4504 p.
670 4440 726 4492 107.
1000 4441 1024 4502 2)
1042 4439 1078 4489 cl.
1096 4445 1122 4488 et
1139 4439 1202 4488 Serv.
1222 4440 1253 4488 ad
1272 4441 1332 4488 Aen.
1349 4437 1391 4496 IV,
1409 4437 1464 4485 sla.
