3354 5262
733 490 775 555 25

205 673 339 736 tissima.
360 669 432 736 Duo
451 675 561 738 autem
581 677 670 737 erant
681 673 815 737 huiusce
827 673 1018 737 initiationis
1030 671 1159 758 gradus,
1172 677 1304 761 myesis,

203 791 243 857 ad
271 812 368 877 quam
400 791 511 858 eodem
541 797 637 878 atque
661 794 701 859 ad
724 797 850 860 minora
873 797 1028 882 mysteria
1050 815 1141 877 anno,
1166 798 1305 881 epoptia
1399 791 1400 794 ’

202 934 273 998 que,
297 913 457 999 adquam
481 913 534 981 vel
556 936 620 981 uno
642 922 715 1000 post
737 919 863 1002 myesin
888 937 979 994 anno,
1004 916 1057 982 vel
1083 917 1229 1002 pluribus
1254 937 1305 981 an·

200 1037 250 1099 nis
273 1039 356 1121 post,
382 1035 634 1101 admittebantur
657 1037 806 1102 initiandi
820 1034 856 1122 ¹).

246 1155 338 1236 Quod
369 1155 409 1221 ad
439 1159 583 1242 ipsarum
616 1159 732 1223 attinet
754 1161 1020 1225 caerimoniarum
1044 1164 1187 1225 tenorem
1211 1163 1305 1244 atque

201 1277 309 1355 finem,
334 1277 452 1348 diversi
475 1282 602 1366 generis
628 1300 725 1357 sacra,
751 1301 831 1366 quae
853 1282 990 1346 initiatis
1013 1302 1076 1346 non
1101 1281 1207 1347 solum
1231 1302 1321 1359 cum¹

202 1397 327 1465 laetitia
357 1400 489 1466 vivendi
518 1402 676 1466 rationem
709 1401 905 1486 praeberent,
939 1401 993 1466 sed
1024 1404 1122 1468 etiam
1153 1423 1227 1468 aum
1251 1375 1306 1487 spe

204 1519 337 1587 meliore
367 1521 524 1588 moriendi
537 1523 571 1602 ²),
603 1521 732 1589 vinculo
764 1523 1017 1606 continebantur,
1052 1529 1089 1588 ut
1117 1526 1165 1589 ita
1192 1524 1305 1602 dicam,

205 1645 361 1732 mythico.
387 1643 507 1709 Verum
530 1644 711 1710 uniusmodi
734 1643 886 1710 fabularis
905 1647 939 1708 in
956 1643 1130 1710 Eleusiniis
1142 1647 1308 1732 mysteriis

203 1765 301 1830 fuerit
335 1766 478 1843 historia,
497 1785 657 1850 quaeque
691 1767 788 1831 huius
821 1767 974 1832 historiae
1004 1772 1110 1852 partes
1140 1769 1175 1830 in
1203 1767 1308 1852 myesi

204 1888 457 1952 communicatae
487 1888 552 1952 sint
581 1888 729 1969 initiatis,
760 1907 882 1972 quaeve
909 1889 943 1950 in
974 1889 1112 1972 epoptia‚
1145 1907 1219 1952 cum
1251 1891 1309 1951 aut

204 2007 419 2072 arescentibus
437 2011 569 2072 utamur
587 2007 731 2073 fontibus
751 2012 807 2073 aut
828 2007 975 2086 turbidis,
989 2028 1046 2093 pro
1059 2012 1145 2073 certo
1158 2012 1306 2092 statuere,

204 2149 255 2194 res
285 2148 478 2214 permagnee
509 2134 557 2193 est
589 2127 788 2194 difficultatis
802 2128 837 2212 ³).
870 2127 980 2214 Neque
1010 2133 1048 2193 ut
1074 2129 1161 2194 hisce
1185 2128 1308 2194 diutius

205 2253 417 2316 immoremur
432 2251 566 2315 huiusce
584 2247 688 2314 libelli
708 2249 760 2316 vel
778 2251 921 2335 spatium
940 2252 1017 2315 sinit
1029 2248 1081 2316 rel
1095 2252 1307 2336 propositum.

204 2375 311 2440 Pauca
334 2372 567 2455 tantummodo,
591 2393 671 2458 quae
695 2371 822 2436 silentio
845 2373 1018 2456 praeterire
1042 2372 1089 2436 fae
1109 2393 1171 2436 non
1192 2377 1250 2449 est,
1270 2371 1309 2436 de

205 2501 336 2562 externa
359 2496 625 2560 caerimoniarum
650 2495 754 2580 specie
776 2495 810 2557 in
832 2494 978 2559 medium
1001 2495 1211 2580 proferamus.
1280 2561 1283 2568 ,

249 2615 414 2681 Fabularis
447 2619 556 2680 autem
591 2615 743 2679 historiae
778 2614 931 2698 quasdam
965 2615 1000 2678 in
1035 2616 1210 2680 maioribus
1240 2614 1307 2680 illis

205 2737 310 2803 teletis
334 2757 401 2802 esse
424 2735 583 2802 exhibitas
606 2736 921 2819 repraesentationes,
940 2740 972 2799 et
992 2755 1031 2799 ex
1051 2733 1310 2801 Christianorum

206 2863 239 2924 et
273 2879 311 2923 ex
353 2855 529 2943 gentilium
569 2858 761 2940 scriptorum
805 2856 997 2920 testimoniis
1031 2860 1119 2940 patet
1133 2855 1169 2931 ⁴).
1204 2857 1311 2941 Atque

205 2980 262 3044 has
288 2978 592 3064 repraesentationes
623 2976 721 3042 fuisse
751 2979 898 3054 scenicas,
931 2997 967 3042 eo
995 2997 1096 3062 usque
1129 2975 1311 3062 praevaluit

205 3102 324 3186 opinio,
348 3105 386 3164 ut
408 3119 569 3184 nusquam
591 3098 656 3165 fere
674 3098 915 3165 Eleusiniorum
935 3101 1176 3186 mysteriorum,
1197 3100 1261 3164 nisi
1278 3103 1311 3164 et

209 3269 380 3280 .—

240 3376 264 3436 l)
273 3374 311 3424 Oi.
321 3370 586 3422 scelerosarum.
596 3371 612 3420 i.
619 3387 642 3420 v.
651 3369 786 3430 Eleusinia,
794 3369 848 3420 Dic.
857 3371 880 3420 d.
890 3372 948 3420 Ant.
956 3371 997 3420 Gr.
1005 3377 1027 3421 et
1035 3370 1104 3421 Rom.
1112 3377 1172 3422 tom.
1181 3371 1215 3430 Il,
1223 3388 1247 3436 p.
1257 3372 1313 3423 5153.

240 3453 562 3519 QQMQEM

241 3541 267 3605 8)
286 3539 380 3603 Operae
401 3537 508 3602 pretium
531 3541 577 3596 est,
600 3535 663 3585 inter
683 3551 708 3584 se
725 3536 840 3594 conferre,
860 3550 921 3598 quae
939 3535 968 3584 de
987 3535 1137 3600 mythologie
1157 3534 1314 3585 Eleusiniam

207 3623 283 3686 deque
304 3618 506 3670 caerimoniarum
529 3617 614 3667 ordine
637 3616 663 3665 in
685 3615 793 3665 medium
816 3616 971 3680 protulerunt
993 3617 1056 3666 Oua.
1079 3616 1244 3666 Lnuonunrrr
1263 3617 1312 3676 Sa,

207 3702 282 3754 Mam.
307 3703 337 3752 dc
358 3701 454 3750 l’Acad.
477 3701 518 3750 dea
539 3699 614 3748 Inscr.
632 3705 692 3749 tom.
710 3697 790 3748 XXIV
808 3699 846 3746 lte
859 3704 923 3762 part.
939 3715 963 3763 p.
982 3699 1113 3748 saa-445
1132 3703 1212 3762 (quem
1230 3715 1312 3763 presso

207 3788 268 3853 pede
291 3785 401 3851 sequitur
423 3785 467 3833 Fr.
491 3783 656 3832 teneamur
672 3782 713 3832 Ju.
732 3781 780 3830 iv.
798 3781 933 3841 Eleusinia,
950 3781 1003 3830 Dio.
1023 3782 1046 3831 d.
1065 3782 1122 3831 Ant.
1140 3781 1181 3831 Gr.
1201 3786 1225 3831 et
1242 3782 1312 3832 Rom.

207 3876 267 3920 tom.
285 3868 320 3928 11,
337 3885 361 3934 p.
382 3867 537 3927 544-581);
561 3866 591 3914 A.
614 3865 723 3923 urrann,
747 3863 839 3928 Psyche
860 3863 909 3912 und
932 3862 992 3912 Eros
1010 3879 1034 3928 p.
1053 3862 1165 3922 72-91;
1184 3864 1313 3923 dodonus,

207 3949 283 4000 Me‘rn.
306 3950 336 3999 de
357 3948 452 3998 l'Acad.
477 3947 519 3996 des
541 3947 617 3995 Inscr.
640 3951 700 3995 tom.
724 3944 811 3994 XXXV
834 3945 884 3994 2⁰1⁰
905 3951 968 4010 part.
992 3961 1015 4010 p.
1040 3946 1135 4004 1-843
1154 3945 1315 3995 Horreum.

208 4018 339 4097 Verslagnr
364 4032 406 4080 der
431 4031 495 4080 Xon.
522 4029 594 4078 ahad.
621 4045 668 4078 ren
693 4027 822 4078 watersch.
851 4027 894 4087 XI,
919 4044 944 4092 p.
972 4027 1116 4084 etl-aad
1145 4028 1175 4077 Ο.
1202 4029 1316 4089 Grurrn,

209 4115 365 4166 Griochische
380 4113 534 4178 Mythologie
553 4113 601 4162 und
618 4109 883 4176 Religionsgesohiohte
900 4127 924 4175 p.
943 4110 1055 4170 48-585
1075 4109 1107 4158 H.
1122 4109 1146 4160 S.
1156 4110 1259 4168 Aaron,
1269 4110 1315 4158 Die

209 4197 341 4264 Mystcrien
360 4212 407 4246 von
427 4194 531 4244 Eleusis.
806 4235 808 4240 .

244 4283 269 4339 4)
288 4279 324 4327 cf.
342 4278 396 4326 l'at.
414 4277 483 4327 Orat.
497 4278 529 4326 ad
547 4278 587 4326 Gr.
609 4277 653 4335 la;
671 4276 747 4324 Clam.
766 4273 835 4322 Alex.
853 4273 932 4323 Protr.
949 4273 983 4332 ll,
1002 4290 1026 4338 p.
1046 4274 1085 4333 la,
1106 4273 1143 4322 ed.
1160 4273 1228 4330 Pot.;
1249 4271 1315 4322 Tert.

211 4362 272 4409 hdr.
294 4359 362 4417 Val.;
386 4359 487 4424 Hippol.
512 4360 573 4408 Adv.
596 4359 662 4407 haer.
685 4375 709 4422 p.
735 4356 784 4404 loa
802 4355 840 4404 ed.
861 4355 987 4414 Dunclrer;
1007 4357 1085 4405 nster.
1105 4373 1144 4420 ap.
1164 4355 1247 4418 hligne
1264 4354 1315 4402 XL,

213 4459 236 4508 p.
256 4443 317 4501 824;
335 4441 422 4491 Claud.
441 4441 477 4490 De
495 4447 557 4506 rapt.
574 4442 685 4505 Proserp.
702 4439 723 4495 I,
740 4437 831 4490 7-19.
