3354 5262
897 473 918 537 2

352 663 472 726 ineerta
501 665 549 725 est
576 659 786 724 Roscberiano
800 655 836 738 ¹),
861 653 1188 741 quantulamcumque
1212 655 1327 721 hancce
1351 677 1459 742 super·

353 783 458 846 struxi
480 781 741 868 disputationem.

399 904 505 989 Atque
539 901 578 966 de
609 900 716 966 teletis
739 899 859 978 Isiacis,
883 897 1042 984 quomodo
1066 902 1170 963 aetate
1195 897 1371 964 celebratae
1395 899 1460 962 sint

353 1025 571 1110 imperatoria,
602 1041 761 1106 nusquam
786 1019 890 1106 plura,
913 1038 1073 1104 nusquam
1097 1018 1157 1082 fide
1181 1019 1336 1104 digniora,
1361 1039 1459 1104 quam

353 1144 522 1210 undecimo
545 1141 846 1228 Metamorphoseon
869 1142 908 1206 ab
933 1139 1069 1226 Apuleio
1091 1129 1343 1226 conscriptarum
1366 1139 1458 1217 libro,

355 1268 528 1331 memoriae
557 1285 625 1331 esse
653 1263 813 1340 mandata,
840 1264 925 1327 inter
955 1282 1065 1328 omnes
1095 1263 1253 1327 convenit.
1291 1260 1341 1326 Ibi
1372 1262 1459 1324 enim

355 1391 467 1452 auctor
496 1384 685 1451 venerandis
713 1389 745 1449 et
767 1386 835 1468 ipse
857 1385 1007 1448 initiatus
1031 1380 1257 1468 penetralibus,
1282 1401 1363 1466 quae
1387 1385 1460 1445 ante

352 1509 568 1572 initiationem
588 1525 710 1591 quaeve
730 1509 801 1589 post
820 1506 957 1568 usitatae
970 1503 1090 1569 fuerint
1102 1504 1321 1580 caerimoniae,
1335 1503 1460 1586 copiose

353 1626 577 1712 eleganterque
608 1625 784 1709 descripsit.
816 1623 866 1688 Ibi
889 1629 920 1689 et
944 1644 1032 1689 sacra
1054 1626 1088 1688 in
1110 1628 1213 1701 noete,
1236 1621 1395 1707 quomodo
1420 1621 1459 1686 ad

355 1749 529 1832 mysticam
554 1746 737 1831 pervenerit
768 1743 1010 1822 beatitudinem,
1043 1747 1153 1830 paucis
1175 1743 1252 1839 lieet
1276 1735 1371 1828 atque
1394 1763 1460 1808 am-

355 1869 462 1953 biguis
485 1867 601 1945 verbis,
625 1867 791 1931 indicavit.
815 1864 899 1930 Sunt
921 1870 1030 1930 autem
1054 1865 1149 1930 haee:

403 1990 551 2066 „Accessi
577 1986 751 2052 confinium
777 1989 893 2066 mortis
917 1991 948 2052 et
971 1985 1091 2052 calcato
1116 1987 1324 2082 Proserpinae
1346 1983 1459 2048 limine

355 2114 467 2176 vectus
485 2129 541 2193 per
559 2111 667 2174 omnia
687 2107 844 2174 elementa
862 2109 1014 2174 remeavi.
1034 2107 1134 2172 Nocte
1155 2107 1260 2172 media
1276 2105 1345 2172 vidi
1358 2104 1459 2175 solem
1479 2079 1480 2084 ἵ
1500 2186 1502 2191 ,

354 2228 488 2294 candido
519 2233 738 2293 eoruscantem
763 2227 897 2292 lumine.
928 2227 1011 2292 Deos
1033 2227 1151 2292 inferos
1174 2232 1206 2292 et
1229 2226 1303 2291 deos
1327 2246 1458 2314 superos

355 2351 473 2416 accessi
495 2368 601 2414 eoram
624 2354 656 2414 et
679 2348 812 2413 adoravi
835 2347 873 2412 de
896 2347 1074 2432 proxumo'’
1088 2349 1125 2428 ²).

398 2470 496 2536 Hisce
526 2472 631 2555 igitur
660 2471 823 2554 imprimis
855 2469 972 2545 verbis,
1003 2469 1120 2554 quibus
1144 2469 1336 2533 initiationis
1359 2469 1458 2532 eonti-

352 2597 448 2656 netur
470 2596 638 2671 secretum‚
664 2574 987 2682 explicandisopera
1006 2588 1152 2654 navanda
1172 2592 1230 2666 est,
1251 2593 1284 2652 et
1301 2587 1457 2654 librorum

352 2711 498 2777 adhibito
521 2712 716 2792 testimonie,
741 2713 773 2774 et
794 2707 950 2795 lapidum.
1384 2778 1389 2787 ,

398 2831 461 2898 Sed
491 2853 642 2898 reverane
672 2851 832 2918 gemmae,
871 2834 1005 2907 statuae,
1037 2828 1163 2895 tabulae
1196 2833 1334 2909 votivae,
1367 2830 1458 2896 rude-

350 2973 448 3037 raque
472 2935 601 3018 aedium
623 2952 797 3018 lsiaoarum
811 2947 835 3031 ³)
859 2951 917 3015 hac
936 2953 970 3014 in
989 2952 1239 3038 investigatione
1258 2973 1377 3038 magno
1393 2953 1458 3016 sint

351 3072 502 3150 subsidio,
535 3073 676 3138 dubitari
705 3075 820 3157 potest.
853 3071 898 3136 Ut
930 3073 1017 3136 enim
1048 3073 1188 3154 mittam,
1220 3093 1283 3140 non
1314 3073 1473 3158 integras

353 3212 478 3277 semper
504 3213 564 3270 res,
592 3192 647 3256 sed
670 3191 850 3277 fragmenta
873 3189 1063 3276 plerumque
1086 3175 1235 3273 inveniri,
1261 3212 1342 3276 quae
1365 3194 1457 3258 novis

353 3315 478 3397 saepius
508 3333 566 3377 nos
596 3311 764 3397 implicent
795 3313 964 3390 erroribus,
997 3299 1093 3396 quam
1125 3313 1287 3378 veteribus
1311 3312 1455 3390 solvant;

354 3437 392 3498 ut
414 3435 554 3511 mittam,
580 3453 661 3517 quae
683 3435 739 3499 vix
762 3434 893 3500 auribus
917 3431 1079 3518 oculisque
1102 3435 1380 3498 committerentur
1398 3435 1457 3499 ini-

352 3557 518 3632 tiatorum,
543 3574 579 3621 ea
601 3575 658 3619 nec
681 3553 841 3639 lapidibus
866 3559 986 3618 temere
1010 3574 1077 3618 esse
1100 3557 1272 3621 commissa
1284 3554 1327 3636 4),·
1353 3577 1456 3621 nonne

385 3767 410 3824 1)
427 3765 553 3815 Dnuxnnn
570 3765 587 3814 i.
605 3781 627 3815 v.
644 3765 699 3815 Isis.
717 3764 773 3815 Iex.
794 3763 880 3814 Rosch.
900 3768 952 3813 tom
970 3763 1005 3822 II,
1022 3780 1046 3828 p.
1065 3765 1205 3818 373-548.

387 3849 411 3910 2)
428 3849 518 3912 Apulei
535 3848 638 3898 Metam.
655 3847 699 3898 lib.
717 3847 761 3907 XI,
770 3847 810 3896 23.
827 3847 873 3897 nd.
893 3864 916 3897 v.
934 3859 960 3896 n.
978 3847 1067 3898 Vnm'r.

384 3930 408 3991 3)
431 3929 535 3994 Templi,
558 3930 584 3978 in
607 3946 654 3994 quo
678 3929 752 3978 sacris
775 3929 886 3978 initiatus
905 3935 942 3980 est
965 3929 1091 3994 Apuleius,
1108 3929 1179 3978 nulla
1197 3930 1300 3994 vestigia
1319 3938 1456 3996 supersunt.

352 4013 469 4061 Attamen
486 4011 592 4072 indiciis,
611 4027 672 4076 qnae
690 4011 741 4075 ipso
760 4011 878 4076 Apuleias
897 4013 1006 4076 praebet,
1024 4027 1079 4060 oum
1096 4011 1205 4076 reliquiis
1222 4029 1277 4062 cum
1295 4012 1457 4080 Pompeianae

350 4093 423 4143 Isidis
448 4093 515 4142 aedis
538 4100 589 4143 tum
614 4093 734 4142 Eleusinii
756 4093 849 4142 Cereris
873 4094 968 4158 templi,
987 4093 1135 4158 compositis,
1152 4096 1272 4145 nonnulla
1289 4097 1319 4146 de
1336 4114 1364 4147 eo
1381 4099 1458 4148 statui

349 4193 420 4241 posse
435 4175 549 4240 opinatur
565 4191 587 4226 v.
602 4175 625 4224 d.
642 4175 673 4224 H.
689 4175 712 4224 J.
728 4174 835 4225 sonna
851 4175 876 4224 in
891 4177 1008 4226 Adnotat.
1024 4176 1063 4224 ad.
1080 4176 1108 4224 L.
1123 4177 1168 4241 Ap.
1177 4177 1239 4228 Met.
1248 4178 1304 4229 libr.
1313 4180 1356 4240 XI,
1365 4198 1389 4246 p.
1400 4179 1458 4232 107.

351 4257 440 4306 Verum
464 4273 519 4306 enm
542 4257 567 4306 in
584 4273 610 4306 re
630 4257 813 4322 arohaeologiea
831 4258 953 4322 hospitem
969 4273 1008 4308 me
1025 4273 1076 4307 ease
1093 4258 1198 4310 libenter
1215 4263 1300 4322 fatear,
1318 4263 1347 4312 de
1364 4265 1457 4313 ooniac-

349 4345 414 4399 turn,
432 4355 505 4404 quam
522 4355 546 4404 p.
565 4339 697 4389 loa-113
716 4341 815 4404 profert,
835 4339 954 4390 iudicium
970 4341 1032 4390 forre
1049 4343 1218 4406 supersedebo.

384 4424 409 4483 4)
426 4421 464 4471 cf.
481 4437 535 4486 ag.
552 4421 581 4470 de
599 4421 738 4471 Mithriaois
755 4421 875 4488 mysteriis
896 4438 924 4472 ao
938 4423 968 4472 de
982 4424 1145 4474 monumentis
1161 4426 1253 4475 effossis
1268 4426 1294 4476 F.
1310 4426 1455 4477 Wmnrscu·
