3354 5262
888 440 931 506 24

359 618 622 701 Alexandrinum,
644 622 761 689 Strom.
776 624 813 702 V,
834 647 864 710 p.
884 623 960 690 689.
981 623 1040 688 Ed.
1059 623 1143 700 Pet,
1165 660 1206 672 —
1228 623 1292 688 ieri
1308 627 1351 690 ret
1367 629 1462 710 μικρὰ

358 743 513 822 μυστήρια
548 743 753 818 διδασκαλίας
789 743 937 812 ὑπόθεσιν
974 743 1089 826 ἔχοντα
1126 743 1177 809 καὶ
1209 756 1463 827 scommatis

358 867 416 927 τῶν
444 863 635 940 μελλόντων·
665 867 707 931 τα
731 867 761 932 δὲ
785 867 919 945 μεγάλα
945 867 1011 946 περὶ
1036 867 1094 930 τῶν
1120 865 1308 944 συμπάντων
1331 871 1364 934 αὖ
1388 895 1464 949 μαν-

357 983 463 1051 θάνειν
494 985 539 1051 ἔτι
571 988 785 1068 ὑπολείπεται,
820 988 998 1054 ἐποπτεύειν
1031 987 1061 1052 δὲ
1094 987 1146 1053 καὶ
1178 997 1322 1070 περινοεῖν
1349 991 1404 1066 τήν
1427 1017 1464 1058 τε

357 1109 452 1187 Φύσιν
470 1107 523 1174 καὶ
544 1109 586 1174 τὸ
606 1109 787 1189 πράγματα
809 1149 867 1188 -,
888 1114 915 1174 si
936 1109 1079 1176 scholion
1100 1113 1289 1196 inspicimus
1308 1111 1348 1177 ad
1364 1114 1462 1179 Arist.

357 1229 420 1294 Plt.
447 1252 478 1296 v.
507 1229 604 1311 1013,
629 1233 686 1297 ubi
709 1253 807 1318 parva
829 1234 986 1319 mysteria
1005 1238 1163 1297 vocantur
1177 1231 1384 1312 obseratione,
1404 1237 1464 1300 ini·

356 1355 449 1418 tiatic
480 1356 605 1420 mimici
636 1376 699 1420 non
729 1354 873 1440 indiguit
904 1360 1085 1440 apparatus,
1118 1354 1173 1420 sed
1203 1359 1419 1440 epraeceptis
1436 1354 1461 1442 1)

355 1478 461 1558 potius
485 1479 629 1541 constitit
651 1497 732 1562 quae
755 1475 847 1542 facile
871 1475 954 1541 tradi
978 1478 1150 1561 potuerint.
1306 1565 1310 1572 1

400 1596 484 1677 Quas
507 1602 615 1662 tamen
638 1598 804 1662 molestias
828 1598 1060 1683 quadamtenus
1085 1601 1168 1661 certe
1192 1597 1408 1682 expediemus,
1432 1601 1460 1663 si

354 1717 484 1796 festum,
516 1718 599 1803 quod
629 1721 663 1782 in
693 1722 867 1784 numinum
896 1717 1114 1784 celebrabatur
1137 1719 1302 1797 honorem,
1327 1721 1366 1784 ab
1389 1722 1461 1805 ipsa

354 1843 537 1924 mystarum
558 1841 740 1905 initiatione
763 1840 843 1906 bene
863 1839 1105 1926 distinguimus.
1125 1841 1232 1924 Atque
1250 1838 1327 1905 licet
1346 1815 1405 1906 hac
1424 1843 1459 1904 in

353 1979 388 2022 re
419 1956 676 2024 luculentissimo
707 1962 756 2025 uti
788 1959 945 2044 exemplo.
980 1958 1204 2025 Samothracae
1227 1963 1261 2024 in
1284 1961 1390 2026 insula
1412 1982 1460 2027 so

353 2077 468 2158 lemna,
492 2085 530 2144 ut
554 2101 603 2145 res
622 2083 692 2166 ipsa
711 2081 860 2159 declarat,
881 2083 975 2146 certis
995 2081 1207 2166 peragebatur
1226 2081 1338 2147 diebus
1346 2084 1383 2164 ²),
1404 2083 1459 2148 sed

354 2203 468 2284 quovis
501 2204 576 2265 anni
607 2208 751 2288 tempore
781 2205 999 2267 initiationem
1030 2223 1211 2268 concessam
1234 2203 1331 2268 fuisse
1355 2209 1461 2288 peten-

353 2320 451 2398 tibus,
482 2322 662 2407 permultae
694 2329 853 2389 testantur
883 2327 1105 2409 inscriptiones
1119 2324 1154 2403 8).
1189 2325 1289 2410 Atqui
1320 2323 1459 2411 singulis

353 2444 482 2526 mystis,
506 2444 569 2507 nisi
590 2444 673 2509 forte
695 2444 749 2510 vel
772 2445 904 2531 regibus
918 2449 943 2522 ⁴)
968 2443 1022 2510 vel
1043 2445 1291 2530 imperatoribus
1303 2447 1330 2525 ὅ)
1352 2447 1460 2510 mimi-

356 2582 427 2626 cam
457 2565 617 2628 actionem
647 2584 715 2628 esse
737 2566 960 2642 instauratam,
984 2585 1002 2629 a
1025 2566 1160 2630 veritate
1185 2563 1278 2649 plane
1300 2565 1458 2632 abhorret.

355 2683 572 2750 Initiationem
594 2688 699 2772 igitur
721 2707 848 2772 semper
871 2690 903 2760 et
926 2687 1046 2770 ubique
1070 2706 1134 2750 uno
1157 2684 1331 2770 eodemque
1350 2685 1461 2751 ordine

301 2840 305 2852 ·
355 2811 450 2891 atque
480 2808 646 2888 mimicam
677 2810 1002 2894 repraesentationem
1030 2828 1097 2872 esse
1120 2806 1308 2884 habendam,
1334 2826 1462 2872 consen·

355 2933 486 2993 taneum
508 2950 572 2994 non
597 2934 646 2994 est
672 2932 695 3015 ).

400 3049 445 3113 At
473 3049 683 3116 Eleusiniacis
713 3054 747 3114 in
778 3053 953 3136 mysteriis,
985 3071 1066 3135 quae
1094 3071 1202 3115 mense
1226 3049 1459 3116 Boddromione

355 3175 523 3254 quotannis
545 3171 794 3250 celebrabantur,
814 3175 954 3238 initiatio
975 3193 1050 3237 oum
1070 3171 1206 3238 solemni
1226 3177 1294 3238 erat
1314 3173 1460 3238 coniunc-

358 3315 529 3326 ——-—

391 3404 418 3469 1)
437 3403 554 3453 Dehisce
571 3405 706 3470 praeceptis
723 3405 748 3454 in
766 3405 884 3470 epimetro
903 3403 980 3470 primo
1000 3403 1077 3452 fusius
1096 3403 1281 3468 disputabimus.

390 3485 417 3550 2)
434 3485 523 3535 Utrum
537 3486 623 3536 diebus
637 3487 785 3536 llll—XXII
800 3486 889 3536 mensis
904 3486 963 3536 Iulii
979 3503 1009 3536 an
1023 3485 1137 3550 Augusti,
1149 3486 1289 3550 ambigitur.
1303 3485 1339 3535 cf.
1350 3485 1461 3536 Hrascfl·

355 3581 431 3628 rur),
447 3567 506 3617 Unt.
524 3585 546 3617 a.
565 3567 588 3618 S.
607 3569 628 3628 Ι,
646 3585 669 3633 p.
690 3569 728 3618 39.

389 3651 415 3712 3)
432 3650 606 3710 Hmscuum,
623 3651 640 3700 l.
657 3651 675 3700 l.

388 3735 413 3794 4)
428 3732 459 3781 In
473 3731 592 3782 Demetrii
605 3733 668 3796 regis
682 3733 805 3792 honorem,
821 3733 932 3782 dadacho
948 3731 1006 3781 licet
1020 3732 1157 3792 resistente,
1170 3748 1218 3780 uno
1232 3732 1364 3796 eodemque
1377 3747 1459 3781 menae

354 3831 398 3864 nec
420 3815 531 3879 legitimo
554 3820 579 3864 et
598 3815 692 3865 minora
714 3815 829 3879 mysteria
854 3821 909 3864 acta
933 3831 983 3864 esse
1001 3820 1025 3864 et
1042 3814 1144 3874 maiora,
1161 3815 1225 3863 nulli
1243 3830 1292 3863 non
1309 3819 1395 3863 notum
1412 3819 1456 3864 est.

355 3896 391 3946 Gi.
410 3897 476 3947 Plut.
494 3897 590 3947 Demet.
608 3896 649 3948 262

389 3981 413 4043 5)
432 3981 570 4044 Augustum
595 3977 638 4029 οὐκ
663 3977 688 4028 ἐν
713 3984 749 4044 τῷ
767 3976 901 4036 καθήκοντι
919 3984 1042 4042 καιρῷ-
1061 3975 1217 4039 μεμνημένον
1235 3976 1366 4040 γινόμενον
1384 3978 1458 4028 refert

353 4059 401 4109 Dio
425 4061 531 4120 Cassius,
553 4061 617 4121 LIV,
636 4063 664 4121 9;
688 4061 717 4110 dc
740 4060 866 4109 Hadriano
887 4059 964 4124 deque
986 4060 1070 4108 Marco
1094 4059 1193 4108 Aurelio
1214 4059 1274 4108 solis
1292 4060 1323 4108 ad
1342 4060 1458 4125 mysticas

353 4141 512 4190 caerimonias
537 4142 648 4191 admissis
671 4143 702 4191 ci.
726 4159 788 4206 quae
811 4141 945 4189 Salmasius
969 4141 998 4190 Iu
1022 4141 1075 4190 nel.
1099 4141 1177 4205 Spart.
1203 4140 1267 4190 Had.
1285 4139 1340 4190 Em.
1360 4158 1380 4190 e.
1398 4140 1455 4191 Not.

352 4239 375 4287 p.
395 4224 501 4282 31-84,
519 4225 547 4272 In
565 4225 613 4272 Iul.
631 4224 691 4288 Cap.
707 4225 742 4272 M.
761 4226 818 4272 Ant.
836 4223 901 4270 Phil.
918 4223 973 4271 Ilm.
991 4240 1011 4272 s.
1029 4223 1086 4272 Not.
1104 4238 1135 4286 pr
1147 4223 1178 4271 98
1196 4223 1339 4288 disputavit.

386 4307 411 4365 6)
428 4305 593 4354 Dramaticam
609 4307 634 4354 in
648 4307 729 4370 parvis
744 4305 865 4369 mysteriis
881 4305 1128 4368 repraesentationem
1145 4305 1273 4372 impugnat
1287 4307 1457 4356 etA.M01ffl·

352 4401 408 4447 εκεῖ,
427 4389 497 4438 Festa
516 4390 558 4438 der
575 4389 646 4437 Stadt
663 4389 768 4446 Athen¹,
786 4403 808 4452 p.
827 4387 875 4434 415
893 4403 928 4453 sq.
973 4451 975 4456 ι
