3350 5264
700 1393 722 1477 ς
744 1389 792 1457 ιο.

435 1573 605 1636 Accessi
635 1571 867 1636 confinium
898 1575 1062 1637 mortis.

248 1753 444 1822 Huiusmodi
472 1755 667 1820 locutionem
698 1777 718 1820 a
748 1777 781 1820 re
812 1757 950 1842 mystica
982 1754 1119 1821 alienam
1142 1777 1205 1820 non
1229 1777 1297 1820 esse

203 1877 280 1942 satis
303 1880 439 1942 testatur
462 1877 619 1942 Firmicus
644 1876 820 1954 Maternus,
845 1875 893 1941 De
917 1897 978 1965 err.
1003 1877 1082 1962 prof.
1108 1876 1165 1942 rel.
1185 1899 1216 1962 p.
1237 1876 1299 1942 24:

205 1995 264 2074 „ln
294 1997 430 2082 quodam
454 1997 584 2084 templo,
608 2004 645 2063 ut
667 2001 700 2062 in
723 1998 928 2063 interioribus
953 1999 1101 2082 partibus
1121 1999 1217 2063 homo
1236 2019 1300 2063 mo·

203 2120 324 2183 riturus
358 2121 458 2205 possit
488 2119 626 2198 admitti,
660 2119 738 2184 dicit
772 2119 850 2182 -ἐκ
882 2121 1044 2195 τυμπο1νου
1075 2114 1233 2199 βέβρωκα,
1266 2120 1299 2184 ἐκ

205 2239 371 2316 κυμβάλου
402 2241 544 2320 πέπυκοο,
576 2241 694 2318 νέμονοο
724 2242 844 2317 μύστης
876 2241 1077 2326 ΓΑττενοςΓ,
1102 2263 1182 2326 quae
1204 2241 1300 2306 verba

205 2362 324 2426 iniuria
355 2361 539 2429 sollicitasse
570 2363 764 2428 Bursianum
796 2384 853 2448 pro
888 2365 1105 2441 „moriturus”
1134 2361 1297 2426 scribendo

210 2483 440 2560 „introiturus”
464 2489 549 2548 recte
571 2484 754 2550 observavit
772 2482 898 2562 Missa,
920 2483 1020 2570 deque
1039 2483 1097 2549 illa
1116 2489 1298 2571 mystarum

210 2608 450 2683 consecratione,
482 2604 555 2670 coll.
588 2611 619 2670 et
649 2604 773 2682 Dnns,
790 2604 904 2692 Sibyll.
937 2604 985 2670 Bl.
1015 2627 1045 2690 p.
1073 2605 1147 2683 122,
1171 2607 1300 2691 egregie

212 2727 399 2812 disputavit,
434 2727 579 2812 Orpheus
614 2749 644 2812 p.
679 2725 743 2792 176
775 2725 846 2790 adn.
879 2725 923 2806 3).
959 2725 1020 2790 Sed
1052 2729 1160 2808 miror,
1193 2729 1303 2794 virum

213 2851 435 2915 acutissimum
458 2849 510 2912 hic
535 2846 708 2924 Plutarchi,
730 2849 809 2924 sive,
831 2852 868 2912 ut
886 2849 948 2932 ipsi
969 2846 1081 2931 placet,
1096 2846 1266 2912 Themistii
1279 2847 1305 2928 ¹)

213 2990 276 3034 non
295 2972 487 3046 meminisse,
512 2969 587 3055 lug.
612 2968 650 3034 <le
674 2989 723 3034 an.
745 2967 776 3048 2,
804 2969 857 3032 ubi
882 2970 1021 3034 animam
1049 2971 1104 3054 qui
1127 2971 1206 3055 agit,
1231 2990 1305 3034 cum

212 3091 368 3155 initiando
391 3095 609 3176 comparatur:
633 3087 715 3155 Τότε
738 3089 768 3153 δὲ
794 3090 913 3169 πάσχον
939 3096 994 3171 (sc.
1021 3091 1037 3164 οἱ
1062 3091 1165 3172 ψυχὴ)
1190 3091 1303 3170 πάθος,

214 3206 270 3275 οἷον
301 3213 327 3276 ol
352 3219 493 3284 τελετοοῑς
519 3212 679 3290 μεγάλους
704 3211 984 3292 κοντοργνοοζδμενοο.
1021 3211 1063 3276 διὸ
1087 3212 1138 3276 καὶ
1162 3211 1196 3275 τὸ
1220 3215 1302 3291 ῥῆμα

215 3334 255 3412 τῷ
280 3335 395 3414 ῥήμοοτν
419 3335 470 3398 xci
495 3333 529 3396 τὸ
554 3333 638 3414 ἔργον
662 3335 702 3412 τῷ
728 3332 803 3412 ἔργῳ
828 3338 880 3397 τοῦ
905 3337 1055 3424 τελευτᾶν
1076 3333 1127 3396 cat
1148 3334 1303 3398 τελεῖσθαι

216 3452 395 3531 προσέοικεν.
437 3453 564 3520 Scilicet
594 3454 766 3519 initiandos
797 3474 895 3538 aeque
926 3474 961 3519 ac
991 3456 1164 3518 morituros
1194 3453 1307 3518 multis

219 3580 377 3662 variisque
412 3577 580 3642 exantlatis
615 3576 777 3642 laboribus
809 3580 881 3641 ante
911 3579 1018 3661 ipsum
1051 3575 1148 3640 finem
1180 3581 1308 3661 stupore

218 3701 361 3784 urgueri,
403 3704 540 3763 tremore
575 3700 701 3783 corripi,
736 3697 865 3762 horrore
899 3697 1063 3781 perfundi:
1110 3699 1233 3762 sstctccr
1268 3695 1311 3761 τὰ

220 3827 328 3901 πρῶτοι
351 3819 402 3884 cccl
428 3819 613 3900 περοδρομοιὶ1
627 3817 767 3890 κοπώδεις
795 3818 846 3882 cal
871 3817 920 3881 tut
942 3817 1064 3890 σκότους
1085 3818 1161 3889 τινὲς
1182 3815 1310 3883 ὕποπτοι

221 3950 337 4024 πορεῑοιο
369 3941 422 4007 sat
455 3939 627 4020 ἀτέλεστον,
660 3935 729 4004 εἶτον
756 3938 811 4017 πρὸ
836 3943 889 4002 τοῦ
914 3939 1020 4011 τέλους
1044 3942 1140 4004 αὐτοῦ
1164 3939 1206 4003 τοὶ
1229 3939 1312 4004 δεινοὶ

222 4063 338 4142 πάντοο,
370 4063 463 4144 <optas
497 4063 548 4127 κοοὶ
579 4063 687 4140 τρόμος
720 4060 771 4124 κον)
805 4059 889 4137 ἱδρὼς
915 4059 965 4123 κοοὶ
991 4058 1122 4137 θάμβος,
1147 4051 1314 4144 equibus,

222 4191 259 4249 ut
289 4206 328 4251 ex
359 4184 430 4249 aliis
453 4187 658 4270 antiquorum
682 4183 874 4266 scriptorum
898 4183 1102 4259 testimoniis,
1126 4202 1205 4265 quae
1229 4183 1247 4264 ᾗ
1273 4181 1314 4244 14
1339 4221 1341 4225 -

258 4413 281 4475 l)
311 4412 435 4477 Orpheus,
457 4428 480 4476 p.
504 4410 643 4459 tos-aot.
667 4409 786 4472 Cuiquam
812 4413 893 4454 tamen
920 4423 974 4455 enm
1000 4407 1146 4471 persuasisse
1172 4406 1316 4454 vorsisimile

223 4512 275 4545 non·
289 4504 333 4546 001.
