<?xml version="1.0" encoding="UTF-8"?>
<!DOCTYPE html PUBLIC "-//W3C//DTD XHTML 1.0 Transitional//EN"
    "http://www.w3.org/TR/xhtml1/DTD/xhtml1-transitional.dtd">
<html xmlns="http://www.w3.org/1999/xhtml" xml:lang="en" lang="en">
 <head>
  <title>
</title>
<meta http-equiv="Content-Type" content="text/html;charset=utf-8" />
  <meta name='ocr-system' content='tesseract 3.04.00' />
  <meta name='ocr-capabilities' content='ocr_page ocr_carea ocr_par ocr_line ocrx_word'/>
</head>
<body>
  <div class='ocr_page' id='page_1' title='image "./deapuleioisiaco00jonggoog_0042.png"; bbox 0 0 3354 5262; ppageno 0'>
   <div class='ocr_carea' id='block_1_1' title="bbox 764 492 806 558">
    <p class='ocr_par' dir='ltr' id='par_1_1' title="bbox 764 492 806 558">
     <span class='ocr_line' id='line_1_1' title="bbox 764 492 806 558; baseline 0.048 -2"><span class='ocrx_word' id='word_1_1' title='bbox 764 492 806 558; x_wconf 79' lang='grc'>27</span> 
     </span>
    </p>
   </div>
   <div class='ocr_carea' id='block_1_2' title="bbox 231 672 1333 878">
    <p class='ocr_par' dir='ltr' id='par_1_2' title="bbox 231 672 1333 878">
     <span class='ocr_line' id='line_1_2' title="bbox 233 672 1333 754; baseline -0.002 -16"><span class='ocrx_word' id='word_1_2' title='bbox 233 673 265 738; x_wconf 77' lang='grc' dir='ltr'>δὲ</span> <span class='ocrx_word' id='word_1_3' title='bbox 288 672 342 737; x_wconf 73' lang='grc' dir='ltr'>καὶ</span> <span class='ocrx_word' id='word_1_4' title='bbox 375 673 451 752; x_wconf 68' lang='grc' dir='ltr'>Κόρη</span> <span class='ocrx_word' id='word_1_5' title='bbox 483 673 588 754; x_wconf 69' lang='grc' dir='ltr'><strong><em>δρᾶμα</em></strong></span> <span class='ocrx_word' id='word_1_6' title='bbox 619 673 672 749; x_wconf 74' lang='grc' dir='ltr'>ἤδη</span> <span class='ocrx_word' id='word_1_7' title='bbox 702 673 860 750; x_wconf 69' lang='grc' dir='ltr'><em>ἐγενέσθην</em></span> <span class='ocrx_word' id='word_1_8' title='bbox 885 674 1033 750; x_wconf 76' lang='grc' dir='ltr'>μυστικὸν</span> <span class='ocrx_word' id='word_1_9' title='bbox 1058 675 1110 738; x_wconf 76' lang='lat' dir='ltr'>rai</span> <span class='ocrx_word' id='word_1_10' title='bbox 1135 675 1190 746; x_wconf 70' lang='lat' dir='ltr'>riv</span> <span class='ocrx_word' id='word_1_11' title='bbox 1213 673 1333 747; x_wconf 65' lang='lat' dir='ltr'>erasas</span> 
     </span>
     <span class='ocr_line' id='line_1_3' title="bbox 231 793 1331 878; baseline 0.001 -19"><span class='ocrx_word' id='word_1_12' title='bbox 231 795 284 859; x_wconf 73' lang='lat' dir='ltr'>aa&gt;</span> <span class='ocrx_word' id='word_1_13' title='bbox 315 796 370 870; x_wconf 71' lang='grc' dir='ltr'>τὴν</span> <span class='ocrx_word' id='word_1_14' title='bbox 399 793 547 875; x_wconf 70' lang='lat' dir='ltr'>ripadynr</span> <span class='ocrx_word' id='word_1_15' title='bbox 579 795 632 860; x_wconf 75' lang='lat' dir='ltr'>nai</span> <span class='ocrx_word' id='word_1_16' title='bbox 664 795 698 859; x_wconf 75' lang='grc' dir='ltr'>τὸ</span> <span class='ocrx_word' id='word_1_17' title='bbox 730 793 834 868; x_wconf 78' lang='grc' dir='ltr'><em>πένθος</em></span> <span class='ocrx_word' id='word_1_18' title='bbox 866 797 971 860; x_wconf 76' lang='grc' dir='ltr'><em>αὐτοῖν</em></span> <span class='ocrx_word' id='word_1_19' title='bbox 1005 795 1148 868; x_wconf 72' lang='grc' dir='ltr'>Ἐλευσὶς</span> <span class='ocrx_word' id='word_1_20' title='bbox 1176 795 1331 878; x_wconf 72' lang='grc' dir='ltr'><strong><em>δᾳδουχεῒ.</em></strong></span> 
     </span>
    </p>
   </div>
   <div class='ocr_carea' id='block_1_3' title="bbox 227 916 1432 1371">
    <p class='ocr_par' dir='ltr' id='par_1_3' title="bbox 227 916 1432 1371">
     <span class='ocr_line' id='line_1_4' title="bbox 227 916 1334 1003; baseline 0 -22"><span class='ocrx_word' id='word_1_21' title='bbox 227 916 388 982; x_wconf 82' lang='lat' dir='ltr'><strong>Miramur</strong></span> <span class='ocrx_word' id='word_1_22' title='bbox 408 918 550 1002; x_wconf 89' lang='lat' dir='ltr'>profecto</span> <span class='ocrx_word' id='word_1_23' title='bbox 570 919 646 982; x_wconf 90' lang='lat' dir='ltr'>huic</span> <span class='ocrx_word' id='word_1_24' title='bbox 669 921 725 982; x_wconf 89' lang='lat' dir='ltr'>uni</span> <span class='ocrx_word' id='word_1_25' title='bbox 746 919 842 984; x_wconf 88' lang='lat' dir='ltr'>verbo</span> <span class='ocrx_word' id='word_1_26' title='bbox 864 925 913 985; x_wconf 90' lang='lat' dir='ltr'>tot</span> <span class='ocrx_word' id='word_1_27' title='bbox 932 922 1129 984; x_wconf 87' lang='lat' dir='ltr'>coniecturas</span> <span class='ocrx_word' id='word_1_28' title='bbox 1147 939 1214 984; x_wconf 89' lang='lat' dir='ltr'>esse</span> <span class='ocrx_word' id='word_1_29' title='bbox 1227 939 1334 1003; x_wconf 87' lang='lat' dir='ltr'>super-</span> 
     </span>
     <span class='ocr_line' id='line_1_5' title="bbox 228 1037 1333 1126; baseline 0 -24"><span class='ocrx_word' id='word_1_30' title='bbox 228 1043 376 1104; x_wconf 88' lang='lat' dir='ltr'>structas.</span> <span class='ocrx_word' id='word_1_31' title='bbox 400 1037 492 1102; x_wconf 87' lang='lat' dir='ltr'>Nihil</span> <span class='ocrx_word' id='word_1_32' title='bbox 516 1041 603 1104; x_wconf 91' lang='lat' dir='ltr'>enim</span> <span class='ocrx_word' id='word_1_33' title='bbox 623 1037 779 1116; x_wconf 74' lang='lat' dir='ltr'>Clemens,</span> <span class='ocrx_word' id='word_1_34' title='bbox 800 1042 867 1104; x_wconf 89' lang='lat' dir='ltr'>sive</span> <span class='ocrx_word' id='word_1_35' title='bbox 889 1039 927 1104; x_wconf 91' lang='lat' dir='ltr'>de</span> <span class='ocrx_word' id='word_1_36' title='bbox 946 1039 1053 1104; x_wconf 86' lang='lat' dir='ltr'>teletis</span> <span class='ocrx_word' id='word_1_37' title='bbox 1072 1061 1152 1126; x_wconf 87' lang='lat' dir='ltr'>quae</span> <span class='ocrx_word' id='word_1_38' title='bbox 1165 1038 1333 1124; x_wconf 77' lang='lat' dir='ltr'>evulgavit</span> 
     </span>
     <span class='ocr_line' id='line_1_6' title="bbox 228 1157 1331 1247; baseline 0.003 -26"><span class='ocrx_word' id='word_1_39' title='bbox 228 1157 383 1243; x_wconf 80' lang='lat' dir='ltr'>Diagoras</span> <span class='ocrx_word' id='word_1_40' title='bbox 413 1157 553 1244; x_wconf 79' lang='lat' dir='ltr'>perlegit</span> <span class='ocrx_word' id='word_1_41' title='bbox 570 1157 603 1238; x_wconf 81' lang='lat'>¹),</span> <span class='ocrx_word' id='word_1_42' title='bbox 640 1162 709 1224; x_wconf 85' lang='lat' dir='ltr'>sive</span> <span class='ocrx_word' id='word_1_43' title='bbox 737 1159 907 1224; x_wconf 88' lang='lat' dir='ltr'>teletarum</span> <span class='ocrx_word' id='word_1_44' title='bbox 929 1163 998 1247; x_wconf 91' lang='lat' dir='ltr'>ipse</span> <span class='ocrx_word' id='word_1_45' title='bbox 1022 1163 1180 1245; x_wconf 78' lang='lat' dir='ltr'>particeps</span> <span class='ocrx_word' id='word_1_46' title='bbox 1203 1161 1265 1224; x_wconf 83' lang='lat' dir='ltr'>fnit</span> <span class='ocrx_word' id='word_1_47' title='bbox 1289 1197 1331 1208; x_wconf 89' lang='lat'>—-</span> 
     </span>
     <span class='ocr_line' id='line_1_7' title="bbox 227 1279 1432 1371; baseline 0.001 -27"><span class='ocrx_word' id='word_1_48' title='bbox 227 1279 443 1344; x_wconf 85' lang='lat' dir='ltr'>illudentem</span> <span class='ocrx_word' id='word_1_49' title='bbox 468 1279 675 1371; x_wconf 88' lang='lat' dir='ltr'>verisimilius</span> <span class='ocrx_word' id='word_1_50' title='bbox 689 1279 715 1359; x_wconf 74' lang='lat'>2)</span> <span class='ocrx_word' id='word_1_51' title='bbox 740 1317 781 1328; x_wconf 88' lang='lat'><em>-</em></span> <span class='ocrx_word' id='word_1_52' title='bbox 807 1280 828 1344; x_wconf 91' lang='lat' dir='ltr'>l.</span> <span class='ocrx_word' id='word_1_53' title='bbox 843 1279 864 1345; x_wconf 96' lang='lat' dir='ltr'>l.</span> <span class='ocrx_word' id='word_1_54' title='bbox 891 1287 1014 1365; x_wconf 87' lang='lat' dir='ltr'>spectat</span> <span class='ocrx_word' id='word_1_55' title='bbox 1043 1283 1105 1345; x_wconf 92' lang='lat' dir='ltr'>nisi</span> <span class='ocrx_word' id='word_1_56' title='bbox 1129 1281 1271 1346; x_wconf 89' lang='lat' dir='ltr'>fabulam</span> <span class='ocrx_word' id='word_1_57' title='bbox 1295 1280 1333 1345; x_wconf 91' lang='lat' dir='ltr'>de</span> <span class='ocrx_word' id='word_1_58' title='bbox 1428 1355 1432 1362; x_wconf 88' lang='lat'>.</span> 
     </span>
    </p>
   </div>
   <div class='ocr_carea' id='block_1_4' title="bbox 231 1399 1335 2818">
    <p class='ocr_par' dir='ltr' id='par_1_4' title="bbox 231 1399 1335 2818">
     <span class='ocr_line' id='line_1_8' title="bbox 231 1399 1334 1487; baseline -0.002 -19"><span class='ocrx_word' id='word_1_59' title='bbox 231 1399 345 1468; x_wconf 82' lang='lat' dir='ltr'>Cerere</span> <span class='ocrx_word' id='word_1_60' title='bbox 367 1421 402 1466; x_wconf 87' lang='lat' dir='ltr'>eo</span> <span class='ocrx_word' id='word_1_61' title='bbox 431 1400 621 1486; x_wconf 80' lang='lat' dir='ltr'>Proserpina</span> <span class='ocrx_word' id='word_1_62' title='bbox 653 1422 854 1487; x_wconf 88' lang='lat' dir='ltr'>quocumque</span> <span class='ocrx_word' id='word_1_63' title='bbox 881 1402 976 1468; x_wconf 93' lang='lat' dir='ltr'>modo</span> <span class='ocrx_word' id='word_1_64' title='bbox 1000 1407 1115 1467; x_wconf 89' lang='lat' dir='ltr'>actam.</span> <span class='ocrx_word' id='word_1_65' title='bbox 1139 1402 1225 1482; x_wconf 79' lang='lat' dir='ltr'>Quae</span> <span class='ocrx_word' id='word_1_66' title='bbox 1249 1407 1334 1467; x_wconf 90' lang='lat' dir='ltr'>certe</span> 
     </span>
     <span class='ocr_line' id='line_1_9' title="bbox 231 1522 1332 1608; baseline -0.001 -20"><span class='ocrx_word' id='word_1_67' title='bbox 231 1525 323 1598; x_wconf 85' lang='lat' dir='ltr'>actio,</span> <span class='ocrx_word' id='word_1_68' title='bbox 349 1527 386 1586; x_wconf 89' lang='lat' dir='ltr'>ut</span> <span class='ocrx_word' id='word_1_69' title='bbox 410 1528 519 1607; x_wconf 89' lang='lat' dir='ltr'>postea</span> <span class='ocrx_word' id='word_1_70' title='bbox 542 1522 736 1599; x_wconf 87' lang='lat' dir='ltr'>videbimus,</span> <span class='ocrx_word' id='word_1_71' title='bbox 764 1525 957 1587; x_wconf 85' lang='lat' dir='ltr'>initiationis</span> <span class='ocrx_word' id='word_1_72' title='bbox 980 1545 1094 1608; x_wconf 88' lang='lat' dir='ltr'>scopus</span> <span class='ocrx_word' id='word_1_73' title='bbox 1117 1544 1152 1588; x_wconf 90' lang='lat' dir='ltr'>ao</span> <span class='ocrx_word' id='word_1_74' title='bbox 1175 1523 1246 1587; x_wconf 89' lang='lat' dir='ltr'>finis</span> <span class='ocrx_word' id='word_1_75' title='bbox 1269 1545 1332 1588; x_wconf 91' lang='lat' dir='ltr'>non</span> 
     </span>
     <span class='ocr_line' id='line_1_10' title="bbox 231 1641 1334 1729; baseline -0.001 -21"><span class='ocrx_word' id='word_1_76' title='bbox 231 1649 309 1712; x_wconf 80' lang='lat' dir='ltr'>erat.</span> <span class='ocrx_word' id='word_1_77' title='bbox 346 1641 428 1721; x_wconf 79' lang='lat' dir='ltr'>Quid</span> <span class='ocrx_word' id='word_1_78' title='bbox 462 1641 547 1726; x_wconf 92' lang='lat' dir='ltr'>quod</span> <span class='ocrx_word' id='word_1_79' title='bbox 582 1662 620 1706; x_wconf 92' lang='lat' dir='ltr'>ne</span> <span class='ocrx_word' id='word_1_80' title='bbox 655 1645 724 1727; x_wconf 87' lang='lat' dir='ltr'>ipse</span> <span class='ocrx_word' id='word_1_81' title='bbox 754 1643 883 1728; x_wconf 86' lang='lat' dir='ltr'>quidem</span> <span class='ocrx_word' id='word_1_82' title='bbox 914 1665 977 1708; x_wconf 84' lang='lat' dir='ltr'>vox</span> <span class='ocrx_word' id='word_1_83' title='bbox 1009 1645 1114 1724; x_wconf 69' lang='lat' dir='ltr'>ipsias</span> <span class='ocrx_word' id='word_1_84' title='bbox 1146 1665 1271 1729; x_wconf 89' lang='lat' dir='ltr'>semper</span> <span class='ocrx_word' id='word_1_85' title='bbox 1303 1651 1334 1707; x_wconf 84' lang='lat' dir='ltr'>et</span> 
     </span>
     <span class='ocr_line' id='line_1_11' title="bbox 232 1763 1333 1850; baseline 0 -22"><span class='ocrx_word' id='word_1_86' title='bbox 232 1765 350 1848; x_wconf 93' lang='lat' dir='ltr'>nbique</span> <span class='ocrx_word' id='word_1_87' title='bbox 374 1765 532 1828; x_wconf 88' lang='lat' dir='ltr'>scenicam</span> <span class='ocrx_word' id='word_1_88' title='bbox 552 1763 712 1850; x_wconf 86' lang='lat' dir='ltr'>significet</span> <span class='ocrx_word' id='word_1_89' title='bbox 730 1768 1054 1849; x_wconf 88' lang='lat' dir='ltr'>repraesentationem</span> <span class='ocrx_word' id='word_1_90' title='bbox 1069 1763 1115 1844; x_wconf 82' lang='lat'>³)?</span> <span class='ocrx_word' id='word_1_91' title='bbox 1140 1765 1252 1850; x_wconf 90' lang='lat' dir='ltr'>ltaque</span> <span class='ocrx_word' id='word_1_92' title='bbox 1271 1786 1333 1830; x_wconf 90' lang='lat' dir='ltr'>non</span> 
     </span>
     <span class='ocr_line' id='line_1_12' title="bbox 232 1883 1333 1971; baseline 0 -22"><span class='ocrx_word' id='word_1_93' title='bbox 232 1887 363 1961; x_wconf 89' lang='lat' dir='ltr'>mirum,</span> <span class='ocrx_word' id='word_1_94' title='bbox 388 1887 496 1949; x_wconf 91' lang='lat' dir='ltr'>virum</span> <span class='ocrx_word' id='word_1_95' title='bbox 520 1888 553 1948; x_wconf 89' lang='lat' dir='ltr'>et</span> <span class='ocrx_word' id='word_1_96' title='bbox 576 1883 614 1948; x_wconf 91' lang='lat' dir='ltr'>de</span> <span class='ocrx_word' id='word_1_97' title='bbox 637 1887 801 1970; x_wconf 84' lang='lat' dir='ltr'>mysteriis</span> <span class='ocrx_word' id='word_1_98' title='bbox 826 1891 857 1949; x_wconf 88' lang='lat' dir='ltr'>et</span> <span class='ocrx_word' id='word_1_99' title='bbox 881 1886 919 1950; x_wconf 95' lang='lat' dir='ltr'>de</span> <span class='ocrx_word' id='word_1_100' title='bbox 942 1885 1055 1971; x_wconf 90' lang='lat' dir='ltr'>lingua</span> <span class='ocrx_word' id='word_1_101' title='bbox 1075 1885 1194 1952; x_wconf 81' lang='lat' dir='ltr'>Graeca</span> <span class='ocrx_word' id='word_1_102' title='bbox 1212 1888 1333 1970; x_wconf 89' lang='lat' dir='ltr'>optime</span> 
     </span>
     <span class='ocr_line' id='line_1_13' title="bbox 234 2003 1333 2092; baseline 0 -23"><span class='ocrx_word' id='word_1_103' title='bbox 234 2007 396 2082; x_wconf 88' lang='lat' dir='ltr'>meritum,</span> <span class='ocrx_word' id='word_1_104' title='bbox 428 2003 625 2068; x_wconf 83' lang='lat' dir='ltr'>Lobeclrium</span> <span class='ocrx_word' id='word_1_105' title='bbox 656 2005 736 2082; x_wconf 87' lang='lat' dir='ltr'>dico,</span> <span class='ocrx_word' id='word_1_106' title='bbox 760 2007 875 2070; x_wconf 89' lang='lat' dir='ltr'>hocin</span> <span class='ocrx_word' id='word_1_107' title='bbox 899 2005 968 2071; x_wconf 90' lang='lat' dir='ltr'>loco</span> <span class='ocrx_word' id='word_1_108' title='bbox 992 2007 1139 2084; x_wconf 87' lang='lat' dir='ltr'>haesisse,</span> <span class='ocrx_word' id='word_1_109' title='bbox 1164 2028 1231 2084; x_wconf 89' lang='lat' dir='ltr'>nec,</span> <span class='ocrx_word' id='word_1_110' title='bbox 1257 2005 1333 2092; x_wconf 91' lang='lat' dir='ltr'>qnid</span> 
     </span>
     <span class='ocr_line' id='line_1_14' title="bbox 232 2123 1335 2214; baseline 0 -23"><span class='ocrx_word' id='word_1_111' title='bbox 232 2148 289 2213; x_wconf 90' lang='lat' dir='ltr'>pro</span> <span class='ocrx_word' id='word_1_112' title='bbox 314 2133 399 2191; x_wconf 90' lang='lat' dir='ltr'>certo</span> <span class='ocrx_word' id='word_1_113' title='bbox 431 2131 596 2204; x_wconf 88' lang='lat' dir='ltr'>statueret,</span> <span class='ocrx_word' id='word_1_114' title='bbox 627 2127 786 2192; x_wconf 88' lang='lat' dir='ltr'>habuisse.</span> <span class='ocrx_word' id='word_1_115' title='bbox 811 2123 940 2192; x_wconf 76' lang='lat' dir='ltr'>Scilicet</span> <span class='ocrx_word' id='word_1_116' title='bbox 964 2149 1037 2192; x_wconf 88' lang='lat' dir='ltr'>curn</span> <span class='ocrx_word' id='word_1_117' title='bbox 1061 2131 1094 2192; x_wconf 92' lang='lat' dir='ltr'>in</span> <span class='ocrx_word' id='word_1_118' title='bbox 1118 2127 1335 2214; x_wconf 84' lang='lat' dir='ltr'>Aglaophami</span> 
     </span>
     <span class='ocr_line' id='line_1_15' title="bbox 231 2245 1333 2332; baseline 0.001 -20"><span class='ocrx_word' id='word_1_119' title='bbox 231 2254 309 2313; x_wconf 88' lang='lat' dir='ltr'>tom.</span> <span class='ocrx_word' id='word_1_120' title='bbox 347 2246 363 2311; x_wconf 93' lang='lat' dir='ltr'>I</span> <span class='ocrx_word' id='word_1_121' title='bbox 393 2247 448 2312; x_wconf 91' lang='lat' dir='ltr'>lib.</span> <span class='ocrx_word' id='word_1_122' title='bbox 480 2246 511 2310; x_wconf 87' lang='grc' dir='ltr'>ΙΙ</span> <span class='ocrx_word' id='word_1_123' title='bbox 543 2269 572 2332; x_wconf 93' lang='lat' dir='ltr'>p.</span> <span class='ocrx_word' id='word_1_124' title='bbox 608 2247 691 2326; x_wconf 81' lang='grc'>688,</span> <span class='ocrx_word' id='word_1_125' title='bbox 724 2245 933 2314; x_wconf 82' lang='lat' dir='ltr'>Clementinis</span> <span class='ocrx_word' id='word_1_126' title='bbox 964 2250 1070 2314; x_wconf 89' lang='lat' dir='ltr'>verbis</span> <span class='ocrx_word' id='word_1_127' title='bbox 1102 2249 1226 2328; x_wconf 88' lang='lat' dir='ltr'>allatis,</span> <span class='ocrx_word' id='word_1_128' title='bbox 1256 2250 1333 2314; x_wconf 88' lang='lat' dir='ltr'>haec</span> 
     </span>
     <span class='ocr_line' id='line_1_16' title="bbox 232 2366 1334 2450; baseline 0.001 -17"><span class='ocrx_word' id='word_1_129' title='bbox 232 2367 422 2433; x_wconf 87' lang='lat' dir='ltr'>addidisset:</span> <span class='ocrx_word' id='word_1_130' title='bbox 456 2367 568 2448; x_wconf 79' lang='lat' dir='ltr'>„Quod</span> <span class='ocrx_word' id='word_1_131' title='bbox 599 2373 655 2448; x_wconf 87' lang='lat' dir='ltr'>(sc.</span> <span class='ocrx_word' id='word_1_132' title='bbox 689 2366 864 2436; x_wconf 79' lang='lat' dir='ltr'>Clementis</span> <span class='ocrx_word' id='word_1_133' title='bbox 889 2370 999 2450; x_wconf 87' lang='lat' dir='ltr'>verba)</span> <span class='ocrx_word' id='word_1_134' title='bbox 1031 2373 1091 2434; x_wconf 90' lang='lat' dir='ltr'>etsi</span> <span class='ocrx_word' id='word_1_135' title='bbox 1114 2373 1249 2435; x_wconf 85' lang='lat' dir='ltr'>oratorie</span> <span class='ocrx_word' id='word_1_136' title='bbox 1273 2371 1334 2434; x_wconf 91' lang='lat' dir='ltr'>dic·</span> 
     </span>
     <span class='ocr_line' id='line_1_17' title="bbox 232 2491 1334 2578; baseline 0.001 -25"><span class='ocrx_word' id='word_1_137' title='bbox 232 2496 303 2554; x_wconf 92' lang='lat' dir='ltr'>tum</span> <span class='ocrx_word' id='word_1_138' title='bbox 327 2497 385 2566; x_wconf 86' lang='lat' dir='ltr'>est,</span> <span class='ocrx_word' id='word_1_139' title='bbox 411 2496 517 2554; x_wconf 89' lang='lat' dir='ltr'>tamen</span> <span class='ocrx_word' id='word_1_140' title='bbox 542 2491 654 2575; x_wconf 89' lang='lat' dir='ltr'>probat</span> <span class='ocrx_word' id='word_1_141' title='bbox 678 2491 838 2576; x_wconf 88' lang='lat' dir='ltr'>quandam</span> <span class='ocrx_word' id='word_1_142' title='bbox 862 2491 1045 2556; x_wconf 87' lang='lat' dir='ltr'>dramatum</span> <span class='ocrx_word' id='word_1_143' title='bbox 1068 2495 1281 2578; x_wconf 85' lang='lat' dir='ltr'>mysticorum</span> <span class='ocrx_word' id='word_1_144' title='bbox 1302 2497 1334 2555; x_wconf 91' lang='lat' dir='ltr'>et</span> 
     </span>
     <span class='ocr_line' id='line_1_18' title="bbox 232 2610 1334 2697; baseline 0.001 -22"><span class='ocrx_word' id='word_1_145' title='bbox 232 2613 428 2676; x_wconf 89' lang='lat' dir='ltr'>scenicorum</span> <span class='ocrx_word' id='word_1_146' title='bbox 453 2610 732 2687; x_wconf 88' lang='lat' dir='ltr'>similitudinem&#39;&#39;‚</span> <span class='ocrx_word' id='word_1_147' title='bbox 756 2612 933 2697; x_wconf 87' lang='lat' dir='ltr'>postmodo,</span> <span class='ocrx_word' id='word_1_148' title='bbox 959 2635 992 2678; x_wconf 92' lang='lat' dir='ltr'>re</span> <span class='ocrx_word' id='word_1_149' title='bbox 1012 2617 1132 2678; x_wconf 91' lang='lat' dir='ltr'>iterum</span> <span class='ocrx_word' id='word_1_150' title='bbox 1151 2617 1334 2696; x_wconf 86' lang='lat' dir='ltr'>iterumque</span> 
     </span>
     <span class='ocr_line' id='line_1_19' title="bbox 231 2731 1331 2818; baseline 0 -21"><span class='ocrx_word' id='word_1_151' title='bbox 231 2753 395 2818; x_wconf 84' lang='lat' dir='ltr'>perpensa,</span> <span class='ocrx_word' id='word_1_152' title='bbox 428 2737 506 2796; x_wconf 90' lang='lat' dir='ltr'>tom.</span> <span class='ocrx_word' id='word_1_153' title='bbox 539 2731 571 2796; x_wconf 94' lang='lat' dir='ltr'>II</span> <span class='ocrx_word' id='word_1_154' title='bbox 597 2731 653 2796; x_wconf 90' lang='lat' dir='ltr'>lib.</span> <span class='ocrx_word' id='word_1_155' title='bbox 677 2731 723 2796; x_wconf 91' lang='grc' dir='ltr'>ΙΙΙ</span> <span class='ocrx_word' id='word_1_156' title='bbox 747 2756 778 2816; x_wconf 91' lang='lat' dir='ltr'>p.</span> <span class='ocrx_word' id='word_1_157' title='bbox 805 2733 892 2797; x_wconf 79' lang='lat'>1263</span> <span class='ocrx_word' id='word_1_158' title='bbox 918 2735 994 2798; x_wconf 88' lang='lat' dir='ltr'>haec</span> <span class='ocrx_word' id='word_1_159' title='bbox 1018 2733 1171 2818; x_wconf 88' lang='lat' dir='ltr'>protulit:</span> <span class='ocrx_word' id='word_1_160' title='bbox 1200 2734 1331 2818; x_wconf 84' lang='lat' dir='ltr'>„ipsum</span> 
     </span>
    </p>
   </div>
   <div class='ocr_carea' id='block_1_5' title="bbox 184 2956 1341 4500">
    <p class='ocr_par' dir='ltr' id='par_1_5' title="bbox 233 2956 1334 3106">
     <span class='ocr_line' id='line_1_20' title="bbox 268 2956 1334 3023; baseline -0.001 -14"><span class='ocrx_word' id='word_1_161' title='bbox 268 2963 291 3022; x_wconf 90' lang='lat' dir='ltr'>l)</span> <span class='ocrx_word' id='word_1_162' title='bbox 308 2960 345 3009; x_wconf 84' lang='lat' dir='ltr'>Of.</span> <span class='ocrx_word' id='word_1_163' title='bbox 364 2960 426 3008; x_wconf 76' lang='lat' dir='ltr'>Cur.</span> <span class='ocrx_word' id='word_1_164' title='bbox 444 2958 608 3006; x_wconf 77' lang='lat' dir='ltr'>Lnrvourmnr</span> <span class='ocrx_word' id='word_1_165' title='bbox 626 2959 675 3017; x_wconf 72' lang='lat' dir='ltr'>Su,</span> <span class='ocrx_word' id='word_1_166' title='bbox 693 2956 767 3006; x_wconf 70' lang='lat' dir='ltr'>Mem.</span> <span class='ocrx_word' id='word_1_167' title='bbox 782 2959 812 3008; x_wconf 87' lang='lat' dir='ltr'>de</span> <span class='ocrx_word' id='word_1_168' title='bbox 823 2959 916 3008; x_wconf 83' lang='lat' dir='ltr'>l&#39;Acsd.</span> <span class='ocrx_word' id='word_1_169' title='bbox 932 2959 973 3007; x_wconf 87' lang='lat' dir='ltr'>des</span> <span class='ocrx_word' id='word_1_170' title='bbox 983 2959 1056 3008; x_wconf 87' lang='lat' dir='ltr'>Inscr.</span> <span class='ocrx_word' id='word_1_171' title='bbox 1066 2965 1125 3008; x_wconf 90' lang='lat' dir='ltr'>tom.</span> <span class='ocrx_word' id='word_1_172' title='bbox 1135 2958 1213 3007; x_wconf 90' lang='lat' dir='ltr'>XXIV</span> <span class='ocrx_word' id='word_1_173' title='bbox 1224 2960 1334 3023; x_wconf 78' lang='lat' dir='ltr'>lrepart.</span> 
     </span>
     <span class='ocr_line' id='line_1_21' title="bbox 233 3041 417 3106; baseline 0 -16"><span class='ocrx_word' id='word_1_174' title='bbox 233 3059 257 3106; x_wconf 89' lang='lat' dir='ltr'>p.</span> <span class='ocrx_word' id='word_1_175' title='bbox 275 3041 417 3094; x_wconf 81' lang='lat'>397—410.</span> 
     </span>
    </p>

    <p class='ocr_par' dir='ltr' id='par_1_6' title="bbox 231 3121 1335 4076">
     <span class='ocr_line' id='line_1_22' title="bbox 267 3121 1335 3186; baseline -0.003 -13"><span class='ocrx_word' id='word_1_176' title='bbox 267 3126 291 3186; x_wconf 81' lang='lat'>2)</span> <span class='ocrx_word' id='word_1_177' title='bbox 309 3125 347 3172; x_wconf 81' lang='lat' dir='ltr'>Cf.</span> <span class='ocrx_word' id='word_1_178' title='bbox 365 3123 479 3181; x_wconf 80' lang='lat' dir='ltr'>Bssrun,</span> <span class='ocrx_word' id='word_1_179' title='bbox 504 3123 547 3170; x_wconf 88' lang='lat' dir='ltr'>Dic</span> <span class='ocrx_word' id='word_1_180' title='bbox 570 3121 683 3185; x_wconf 82' lang='lat' dir='ltr'>Stellung</span> <span class='ocrx_word' id='word_1_181' title='bbox 705 3123 747 3170; x_wconf 87' lang='lat' dir='ltr'>des</span> <span class='ocrx_word' id='word_1_182' title='bbox 768 3121 879 3170; x_wconf 84' lang='lat' dir='ltr'>Clemens</span> <span class='ocrx_word' id='word_1_183' title='bbox 903 3122 973 3171; x_wconf 79' lang='lat' dir='ltr'>Alex.</span> <span class='ocrx_word' id='word_1_184' title='bbox 996 3139 1050 3171; x_wconf 90' lang='lat' dir='ltr'>zum</span> <span class='ocrx_word' id='word_1_185' title='bbox 1075 3123 1174 3171; x_wconf 83' lang='lat' dir='ltr'>antiken</span> <span class='ocrx_word' id='word_1_186' title='bbox 1192 3122 1335 3186; x_wconf 82' lang='lat' dir='ltr'>Mysterisn-</span> 
     </span>
     <span class='ocr_line' id='line_1_23' title="bbox 232 3205 1334 3270; baseline -0.004 -14"><span class='ocrx_word' id='word_1_187' title='bbox 232 3224 317 3256; x_wconf 86' lang='lat' dir='ltr'>wesen.</span> <span class='ocrx_word' id='word_1_188' title='bbox 340 3206 385 3254; x_wconf 85' lang='lat' dir='ltr'>Th.</span> <span class='ocrx_word' id='word_1_189' title='bbox 407 3205 441 3254; x_wconf 89' lang='lat' dir='ltr'>St.</span> <span class='ocrx_word' id='word_1_190' title='bbox 464 3205 505 3252; x_wconf 89' lang='lat' dir='ltr'>Kr.</span> <span class='ocrx_word' id='word_1_191' title='bbox 523 3211 581 3253; x_wconf 91' lang='lat' dir='ltr'>tom.</span> <span class='ocrx_word' id='word_1_192' title='bbox 601 3205 639 3262; x_wconf 83' lang='lat'>60,</span> <span class='ocrx_word' id='word_1_193' title='bbox 659 3221 682 3268; x_wconf 88' lang='lat' dir='ltr'>p.</span> <span class='ocrx_word' id='word_1_194' title='bbox 702 3205 758 3254; x_wconf 71' lang='lat'>694.</span> <span class='ocrx_word' id='word_1_195' title='bbox 782 3205 819 3253; x_wconf 81' lang='lat' dir='ltr'>Cf.</span> <span class='ocrx_word' id='word_1_196' title='bbox 838 3211 901 3270; x_wconf 82' lang='lat' dir='ltr'>etp.</span> <span class='ocrx_word' id='word_1_197' title='bbox 921 3205 981 3254; x_wconf 70' lang='lat' dir='ltr'>did:</span> <span class='ocrx_word' id='word_1_198' title='bbox 1002 3205 1075 3264; x_wconf 89' lang='lat' dir='ltr'>„Und</span> <span class='ocrx_word' id='word_1_199' title='bbox 1090 3205 1115 3254; x_wconf 89' lang='lat' dir='ltr'>in</span> <span class='ocrx_word' id='word_1_200' title='bbox 1134 3205 1216 3254; x_wconf 86' lang='lat' dir='ltr'>eeinen</span> <span class='ocrx_word' id='word_1_201' title='bbox 1235 3205 1334 3268; x_wconf 82' lang='lat' dir='ltr'>algeron</span> 
     </span>
     <span class='ocr_line' id='line_1_24' title="bbox 231 3286 1335 3346; baseline -0.002 -9"><span class='ocrx_word' id='word_1_202' title='bbox 231 3289 352 3338; x_wconf 82' lang='lat' dir='ltr'>Schriften</span> <span class='ocrx_word' id='word_1_203' title='bbox 377 3292 457 3336; x_wconf 76' lang='lat' dir='ltr'>venat</span> <span class='ocrx_word' id='word_1_204' title='bbox 481 3287 593 3334; x_wconf 85' lang='lat' dir='ltr'>Clemens</span> <span class='ocrx_word' id='word_1_205' title='bbox 620 3286 798 3335; x_wconf 82' lang='lat' dir='ltr'>Alexandrinus</span> <span class='ocrx_word' id='word_1_206' title='bbox 822 3290 867 3334; x_wconf 91' lang='lat' dir='ltr'>mit</span> <span class='ocrx_word' id='word_1_207' title='bbox 891 3287 985 3335; x_wconf 82' lang='lat' dir='ltr'>leinem</span> <span class='ocrx_word' id='word_1_208' title='bbox 1011 3287 1101 3346; x_wconf 87' lang='lat' dir='ltr'>Worte,</span> <span class='ocrx_word' id='word_1_209' title='bbox 1125 3289 1181 3336; x_wconf 83' lang='lat' dir='ltr'>dsss</span> <span class='ocrx_word' id='word_1_210' title='bbox 1203 3303 1228 3335; x_wconf 88' lang='lat' dir='ltr'>er</span> <span class='ocrx_word' id='word_1_211' title='bbox 1252 3288 1335 3335; x_wconf 85' lang='lat' dir='ltr'>friiher</span> 
     </span>
     <span class='ocr_line' id='line_1_25' title="bbox 232 3369 1333 3436; baseline -0.002 -15"><span class='ocrx_word' id='word_1_212' title='bbox 232 3372 313 3436; x_wconf 87' lang='lat' dir='ltr'>Myste</span> <span class='ocrx_word' id='word_1_213' title='bbox 335 3386 443 3434; x_wconf 77' lang='lat' dir='ltr'>genesen</span> <span class='ocrx_word' id='word_1_214' title='bbox 465 3369 507 3427; x_wconf 88' lang='lat' dir='ltr'>sei,</span> <span class='ocrx_word' id='word_1_215' title='bbox 531 3385 571 3416; x_wconf 88' lang='lat' dir='ltr'>arn</span> <span class='ocrx_word' id='word_1_216' title='bbox 594 3369 726 3432; x_wconf 85' lang='lat' dir='ltr'>wenigsten</span> <span class='ocrx_word' id='word_1_217' title='bbox 749 3369 787 3426; x_wconf 85' lang='lat' dir='ltr'>da,</span> <span class='ocrx_word' id='word_1_218' title='bbox 811 3385 848 3417; x_wconf 85' lang='lat' dir='ltr'>wo</span> <span class='ocrx_word' id='word_1_219' title='bbox 872 3369 916 3416; x_wconf 89' lang='lat' dir='ltr'>vvir</span> <span class='ocrx_word' id='word_1_220' title='bbox 939 3386 963 3416; x_wconf 80' lang='lat' dir='ltr'>es</span> <span class='ocrx_word' id='word_1_221' title='bbox 984 3385 1023 3417; x_wconf 83' lang='lat' dir='ltr'>arn</span> <span class='ocrx_word' id='word_1_222' title='bbox 1041 3371 1140 3418; x_wconf 85' lang='lat' dir='ltr'>eheeten</span> <span class='ocrx_word' id='word_1_223' title='bbox 1158 3370 1333 3419; x_wconf 85' lang='lat' dir='ltr'>vermuteten’&#39;.</span> 
     </span>
     <span class='ocr_line' id='line_1_26' title="bbox 232 3449 1333 3516; baseline -0.004 -13"><span class='ocrx_word' id='word_1_224' title='bbox 232 3453 373 3504; x_wconf 85' lang='lat' dir='ltr'>Notandum</span> <span class='ocrx_word' id='word_1_225' title='bbox 391 3459 463 3510; x_wconf 83' lang='lat' dir='ltr'>certe,</span> <span class='ocrx_word' id='word_1_226' title='bbox 481 3452 544 3516; x_wconf 90' lang='lat' dir='ltr'>qnod</span> <span class='ocrx_word' id='word_1_227' title='bbox 562 3449 673 3500; x_wconf 81' lang='lat' dir='ltr'>Clemens</span> <span class='ocrx_word' id='word_1_228' title='bbox 689 3452 782 3516; x_wconf 86' lang='lat' dir='ltr'>myesin</span> <span class='ocrx_word' id='word_1_229' title='bbox 800 3453 830 3500; x_wconf 85' lang='lat' dir='ltr'>ab</span> <span class='ocrx_word' id='word_1_230' title='bbox 848 3452 946 3516; x_wconf 85' lang='lat' dir='ltr'>epoptia</span> <span class='ocrx_word' id='word_1_231' title='bbox 964 3469 1012 3500; x_wconf 90' lang='lat' dir='ltr'>non</span> <span class='ocrx_word' id='word_1_232' title='bbox 1027 3453 1164 3516; x_wconf 81' lang='lat' dir='ltr'>distinguit.</span> <span class='ocrx_word' id='word_1_233' title='bbox 1179 3452 1333 3502; x_wconf 56' lang='lat' dir='ltr'>(ithamari</span> 
     </span>
     <span class='ocr_line' id='line_1_27' title="bbox 231 3533 1333 3602; baseline -0.004 -17"><span class='ocrx_word' id='word_1_234' title='bbox 231 3554 255 3602; x_wconf 93' lang='lat' dir='ltr'>p.</span> <span class='ocrx_word' id='word_1_235' title='bbox 264 3537 320 3585; x_wconf 80' lang='lat'><strong>663:</strong></span> <span class='ocrx_word' id='word_1_236' title='bbox 329 3536 375 3584; x_wconf 86' lang='lat' dir='ltr'>Dic</span> <span class='ocrx_word' id='word_1_237' title='bbox 385 3535 479 3584; x_wconf 84' lang='lat' dir='ltr'>Anzahl</span> <span class='ocrx_word' id='word_1_238' title='bbox 487 3535 552 3600; x_wconf 83' lang='lat' dir='ltr'>ihrer</span> <span class='ocrx_word' id='word_1_239' title='bbox 560 3537 601 3595; x_wconf 86' lang='lat' dir='ltr'>(so.</span> <span class='ocrx_word' id='word_1_240' title='bbox 612 3533 768 3594; x_wconf 87' lang='lat' dir='ltr'>initiationis)</span> <span class='ocrx_word' id='word_1_241' title='bbox 774 3533 853 3582; x_wconf 82' lang='lat' dir='ltr'>Grada</span> <span class='ocrx_word' id='word_1_242' title='bbox 862 3533 895 3582; x_wconf 88' lang='lat' dir='ltr'>iet</span> <span class='ocrx_word' id='word_1_243' title='bbox 905 3533 950 3598; x_wconf 87' lang='lat' dir='ltr'>(se.</span> <span class='ocrx_word' id='word_1_244' title='bbox 960 3535 1092 3583; x_wconf 87' lang='lat' dir='ltr'>secundum</span> <span class='ocrx_word' id='word_1_245' title='bbox 1100 3534 1260 3594; x_wconf 81' lang='lat' dir='ltr'>Clementem)</span> <span class='ocrx_word' id='word_1_246' title='bbox 1268 3535 1333 3592; x_wconf 85' lang='lat' dir='ltr'>zwei,</span> 
     </span>
     <span class='ocr_line' id='line_1_28' title="bbox 234 3615 1334 3680; baseline 0 -16"><span class='ocrx_word' id='word_1_247' title='bbox 234 3645 265 3656; x_wconf 86' lang='lat'>-</span> <span class='ocrx_word' id='word_1_248' title='bbox 281 3616 378 3678; x_wconf 74' lang='grc' dir='ltr'><strong><em>μύσται</em></strong></span> <span class='ocrx_word' id='word_1_249' title='bbox 395 3617 490 3665; x_wconf 87' lang='lat' dir='ltr'>heiesen</span> <span class='ocrx_word' id='word_1_250' title='bbox 507 3616 546 3664; x_wconf 92' lang='lat' dir='ltr'>die</span> <span class='ocrx_word' id='word_1_251' title='bbox 564 3615 670 3664; x_wconf 81' lang='lat' dir='ltr'>Inhnber</span> <span class='ocrx_word' id='word_1_252' title='bbox 684 3616 726 3664; x_wconf 89' lang='lat' dir='ltr'>der</span> <span class='ocrx_word' id='word_1_253' title='bbox 741 3622 820 3664; x_wconf 88' lang='lat' dir='ltr'>ersten</span> <span class='ocrx_word' id='word_1_254' title='bbox 836 3617 911 3674; x_wconf 86' lang='lat' dir='ltr'>Stnfe,</span> <span class='ocrx_word' id='word_1_255' title='bbox 923 3617 961 3665; x_wconf 88' lang='lat' dir='ltr'>die</span> <span class='ocrx_word' id='word_1_256' title='bbox 971 3633 999 3666; x_wconf 88' lang='lat' dir='ltr'>zu</span> <span class='ocrx_word' id='word_1_257' title='bbox 1009 3617 1054 3666; x_wconf 90' lang='lat' dir='ltr'>den</span> <span class='ocrx_word' id='word_1_258' title='bbox 1064 3623 1228 3680; x_wconf 83' lang='lat' dir='ltr'>sogonnunten</span> <span class='ocrx_word' id='word_1_259' title='bbox 1237 3617 1334 3665; x_wconf 84' lang='lat' dir='ltr'>kleinen</span> 
     </span>
     <span class='ocr_line' id='line_1_29' title="bbox 234 3696 1335 3766; baseline -0.001 -17"><span class='ocrx_word' id='word_1_260' title='bbox 234 3701 367 3766; x_wconf 83' lang='lat' dir='ltr'>Mysterien</span> <span class='ocrx_word' id='word_1_261' title='bbox 384 3699 524 3762; x_wconf 84' lang='lat' dir='ltr'>zugelassen</span> <span class='ocrx_word' id='word_1_262' title='bbox 541 3699 648 3756; x_wconf 87' lang='lat' dir='ltr'>werdcn;</span> <span class='ocrx_word' id='word_1_263' title='bbox 668 3699 707 3747; x_wconf 92' lang='lat' dir='ltr'>die</span> <span class='ocrx_word' id='word_1_264' title='bbox 724 3696 833 3748; x_wconf 74' lang='grc' dir='ltr'>ἐπόπται</span> <span class='ocrx_word' id='word_1_265' title='bbox 851 3699 905 3748; x_wconf 87' lang='lat' dir='ltr'>sind</span> <span class='ocrx_word' id='word_1_266' title='bbox 924 3699 963 3747; x_wconf 89' lang='lat' dir='ltr'>dic</span> <span class='ocrx_word' id='word_1_267' title='bbox 977 3699 1083 3748; x_wconf 82' lang='lat' dir='ltr'>Schauer</span> <span class='ocrx_word' id='word_1_268' title='bbox 1097 3700 1138 3747; x_wconf 87' lang='lat' dir='ltr'>des</span> <span class='ocrx_word' id='word_1_269' title='bbox 1154 3699 1235 3748; x_wconf 86' lang='lat' dir='ltr'>vollen</span> <span class='ocrx_word' id='word_1_270' title='bbox 1244 3699 1335 3763; x_wconf 81' lang='lat' dir='ltr'>Myste-</span> 
     </span>
     <span class='ocr_line' id='line_1_30' title="bbox 234 3781 1333 3845; baseline -0.002 -14"><span class='ocrx_word' id='word_1_271' title='bbox 234 3784 317 3842; x_wconf 87' lang='lat' dir='ltr'>riume,</span> <span class='ocrx_word' id='word_1_272' title='bbox 335 3783 377 3830; x_wconf 88' lang='lat' dir='ltr'>des</span> <span class='ocrx_word' id='word_1_273' title='bbox 400 3783 485 3842; x_wconf 74' lang='grc' dir='ltr'><strong><em>δρᾶμα</em></strong></span> <span class='ocrx_word' id='word_1_274' title='bbox 508 3781 630 3840; x_wconf 77' lang='grc' dir='ltr'>μυστικὸν</span> <span class='ocrx_word' id='word_1_275' title='bbox 648 3782 706 3840; x_wconf 86' lang='lat' dir='ltr'>oder</span> <span class='ocrx_word' id='word_1_276' title='bbox 722 3782 764 3829; x_wconf 87' lang='lat' dir='ltr'>der</span> <span class='ocrx_word' id='word_1_277' title='bbox 781 3788 946 3844; x_wconf 84' lang='lat' dir='ltr'>sogcnannten</span> <span class='ocrx_word' id='word_1_278' title='bbox 964 3798 1061 3844; x_wconf 85' lang='lat' dir='ltr'>grossen</span> <span class='ocrx_word' id='word_1_279' title='bbox 1078 3781 1236 3845; x_wconf 86' lang='lat' dir='ltr'>Mysterien&#39;’.</span> <span class='ocrx_word' id='word_1_280' title='bbox 1254 3808 1287 3817; x_wconf 98' lang='lat'><strong>—</strong></span> <span class='ocrx_word' id='word_1_281' title='bbox 1304 3781 1333 3830; x_wconf 77' lang='grc' dir='ltr'>Ε,</span> 
     </span>
     <span class='ocr_line' id='line_1_31' title="bbox 234 3843 1335 3928; baseline 0 -16"><span class='ocrx_word' id='word_1_282' title='bbox 234 3879 267 3912; x_wconf 86' lang='lat' dir='ltr'>nn</span> <span class='ocrx_word' id='word_1_283' title='bbox 285 3863 363 3922; x_wconf 77' lang='lat' dir='ltr'>Fsru,</span> <span class='ocrx_word' id='word_1_284' title='bbox 388 3863 499 3912; x_wconf 70' lang='lat' dir='ltr'>Clement</span> <span class='ocrx_word' id='word_1_285' title='bbox 520 3863 699 3911; x_wconf 81' lang='lat' dir='ltr'>d’Alexandric.</span> <span class='ocrx_word' id='word_1_286' title='bbox 722 3843 802 3912; x_wconf 73' lang='lat' dir='ltr'>Fltude</span> <span class='ocrx_word' id='word_1_287' title='bbox 820 3879 861 3911; x_wconf 90' lang='lat' dir='ltr'>sur</span> <span class='ocrx_word' id='word_1_288' title='bbox 877 3863 912 3911; x_wconf 87' lang='lat' dir='ltr'>les</span> <span class='ocrx_word' id='word_1_289' title='bbox 930 3871 1041 3928; x_wconf 81' lang='lat' dir='ltr'>rapports</span> <span class='ocrx_word' id='word_1_290' title='bbox 1059 3865 1090 3912; x_wconf 92' lang='lat' dir='ltr'>du</span> <span class='ocrx_word' id='word_1_291' title='bbox 1109 3862 1293 3912; x_wconf 83' lang='lat' dir='ltr'>Christianisme</span> <span class='ocrx_word' id='word_1_292' title='bbox 1311 3869 1335 3912; x_wconf 86' lang='lat' dir='ltr'>et</span> 
     </span>
     <span class='ocr_line' id='line_1_32' title="bbox 234 3944 1335 4010; baseline -0.001 -16"><span class='ocrx_word' id='word_1_293' title='bbox 234 3947 263 3994; x_wconf 89' lang='lat' dir='ltr'>de</span> <span class='ocrx_word' id='word_1_294' title='bbox 287 3946 312 3994; x_wconf 86' lang='lat' dir='ltr'>la</span> <span class='ocrx_word' id='word_1_295' title='bbox 334 3945 489 4010; x_wconf 87' lang='lat' dir='ltr'>philosophie</span> <span class='ocrx_word' id='word_1_296' title='bbox 515 3961 616 4009; x_wconf 86' lang='lat' dir='ltr'>grecqne</span> <span class='ocrx_word' id='word_1_297' title='bbox 639 3962 670 3992; x_wconf 87' lang='lat' dir='ltr'>au</span> <span class='ocrx_word' id='word_1_298' title='bbox 688 3944 715 3992; x_wconf 96' lang='grc' dir='ltr'>ΙΙ</span> <span class='ocrx_word' id='word_1_299' title='bbox 732 3944 813 4002; x_wconf 81' lang='lat' dir='ltr'>sidcis,</span> <span class='ocrx_word' id='word_1_300' title='bbox 836 3945 1001 4008; x_wconf 85' lang='lat' dir='ltr'>quaestionem</span> <span class='ocrx_word' id='word_1_301' title='bbox 1020 3961 1092 4008; x_wconf 84' lang='lat' dir='ltr'>quam</span> <span class='ocrx_word' id='word_1_302' title='bbox 1110 3944 1191 4009; x_wconf 88' lang='lat' dir='ltr'>posuit</span> <span class='ocrx_word' id='word_1_303' title='bbox 1209 3944 1272 3994; x_wconf 74' lang='lat' dir='ltr'>Oua.</span> <span class='ocrx_word' id='word_1_304' title='bbox 1289 3944 1335 3993; x_wconf 80' lang='lat' dir='ltr'>Ln-</span> 
     </span>
     <span class='ocr_line' id='line_1_33' title="bbox 234 4027 1025 4076; baseline 0.001 -2"><span class='ocrx_word' id='word_1_305' title='bbox 234 4039 362 4076; x_wconf 74' lang='lat' dir='ltr'>noansur</span> <span class='ocrx_word' id='word_1_306' title='bbox 380 4027 420 4074; x_wconf 76' lang='lat' dir='ltr'>Sa.</span> <span class='ocrx_word' id='word_1_307' title='bbox 438 4027 531 4076; x_wconf 89' lang='lat' dir='ltr'>solvcrs</span> <span class='ocrx_word' id='word_1_308' title='bbox 549 4027 647 4075; x_wconf 90' lang='lat' dir='ltr'>omnino</span> <span class='ocrx_word' id='word_1_309' title='bbox 665 4034 766 4076; x_wconf 84' lang='lat' dir='ltr'>conatus</span> <span class='ocrx_word' id='word_1_310' title='bbox 783 4044 831 4075; x_wconf 92' lang='lat' dir='ltr'>non</span> <span class='ocrx_word' id='word_1_311' title='bbox 850 4036 893 4075; x_wconf 87' lang='lat' dir='ltr'>est.</span> <span class='ocrx_word' id='word_1_312' title='bbox 1022 4027 1025 4031; x_wconf 79' lang='grc'><strong>’</strong></span> 
     </span>
    </p>

    <p class='ocr_par' dir='ltr' id='par_1_7' title="bbox 184 4108 1341 4500">
     <span class='ocr_line' id='line_1_34' title="bbox 268 4108 1335 4174; baseline 0.003 -18"><span class='ocrx_word' id='word_1_313' title='bbox 268 4109 292 4168; x_wconf 84' lang='grc'>3)</span> <span class='ocrx_word' id='word_1_314' title='bbox 308 4109 383 4157; x_wconf 91' lang='lat' dir='ltr'>Recte</span> <span class='ocrx_word' id='word_1_315' title='bbox 406 4109 442 4156; x_wconf 91' lang='lat' dir='ltr'>vir</span> <span class='ocrx_word' id='word_1_316' title='bbox 461 4109 611 4158; x_wconf 85' lang='lat' dir='ltr'>clarissimus</span> <span class='ocrx_word' id='word_1_317' title='bbox 632 4109 715 4167; x_wconf 74' lang='lat' dir='ltr'>Sirra,</span> <span class='ocrx_word' id='word_1_318' title='bbox 736 4109 766 4158; x_wconf 92' lang='lat' dir='ltr'>N.</span> <span class='ocrx_word' id='word_1_319' title='bbox 781 4109 808 4157; x_wconf 94' lang='lat' dir='ltr'>P.</span> <span class='ocrx_word' id='word_1_320' title='bbox 823 4108 852 4157; x_wconf 87' lang='lat' dir='ltr'>R.</span> <span class='ocrx_word' id='word_1_321' title='bbox 871 4109 957 4171; x_wconf 80' lang='lat'>(1895)</span> <span class='ocrx_word' id='word_1_322' title='bbox 975 4126 998 4174; x_wconf 89' lang='lat' dir='ltr'>p.</span> <span class='ocrx_word' id='word_1_323' title='bbox 1017 4110 1073 4169; x_wconf 80' lang='lat'>250,</span> <span class='ocrx_word' id='word_1_324' title='bbox 1091 4125 1146 4158; x_wconf 89' lang='lat' dir='ltr'>cum</span> <span class='ocrx_word' id='word_1_325' title='bbox 1164 4110 1192 4158; x_wconf 93' lang='lat' dir='ltr'>de</span> <span class='ocrx_word' id='word_1_326' title='bbox 1210 4109 1335 4159; x_wconf 83' lang='lat' dir='ltr'>Foueartii</span> 
     </span>
     <span class='ocr_line' id='line_1_35' title="bbox 233 4189 1334 4254; baseline 0.002 -15"><span class='ocrx_word' id='word_1_327' title='bbox 233 4190 398 4254; x_wconf 76' lang='lat' dir='ltr'>disputatione</span> <span class='ocrx_word' id='word_1_328' title='bbox 412 4206 436 4254; x_wconf 90' lang='lat' dir='ltr'>p.</span> <span class='ocrx_word' id='word_1_329' title='bbox 452 4189 483 4238; x_wconf 80' lang='lat'>25</span> <span class='ocrx_word' id='word_1_330' title='bbox 499 4191 554 4240; x_wconf 80' lang='lat' dir='ltr'>adn.</span> <span class='ocrx_word' id='word_1_331' title='bbox 572 4191 595 4252; x_wconf 84' lang='grc'>3)</span> <span class='ocrx_word' id='word_1_332' title='bbox 609 4190 687 4239; x_wconf 82' lang='lat' dir='ltr'>allata</span> <span class='ocrx_word' id='word_1_333' title='bbox 696 4190 812 4238; x_wconf 87' lang='lat' dir='ltr'>iudicium</span> <span class='ocrx_word' id='word_1_334' title='bbox 824 4189 890 4248; x_wconf 91' lang='lat' dir='ltr'>tulit,</span> <span class='ocrx_word' id='word_1_335' title='bbox 900 4191 963 4240; x_wconf 89' lang='lat' dir='ltr'>inter</span> <span class='ocrx_word' id='word_1_336' title='bbox 972 4191 1021 4240; x_wconf 88' lang='lat' dir='ltr'>alia</span> <span class='ocrx_word' id='word_1_337' title='bbox 1032 4192 1091 4240; x_wconf 85' lang='lat' dir='ltr'>haec</span> <span class='ocrx_word' id='word_1_338' title='bbox 1101 4192 1252 4241; x_wconf 84' lang='lat' dir='ltr'>observavit:</span> <span class='ocrx_word' id='word_1_339' title='bbox 1268 4190 1334 4250; x_wconf 83' lang='lat' dir='ltr'>„Das</span> 
     </span>
     <span class='ocr_line' id='line_1_36' title="bbox 233 4271 1341 4332; baseline 0.005 -12"><span class='ocrx_word' id='word_1_340' title='bbox 233 4271 374 4320; x_wconf 84' lang='lat' dir='ltr'>Grieehisch</span> <span class='ocrx_word' id='word_1_341' title='bbox 397 4271 439 4320; x_wconf 88' lang='lat' dir='ltr'>der</span> <span class='ocrx_word' id='word_1_342' title='bbox 461 4272 595 4322; x_wconf 87' lang='lat' dir='ltr'>Kaiscrzeit</span> <span class='ocrx_word' id='word_1_343' title='bbox 616 4273 677 4321; x_wconf 69' lang='lat' dir='ltr'>lieet</span> <span class='ocrx_word' id='word_1_344' title='bbox 693 4299 726 4308; x_wconf 98' lang='lat'>-</span> <span class='ocrx_word' id='word_1_345' title='bbox 744 4273 781 4321; x_wconf 89' lang='lat' dir='ltr'>olt</span> <span class='ocrx_word' id='word_1_346' title='bbox 803 4271 909 4330; x_wconf 84' lang='lat' dir='ltr'>Zueilel,</span> <span class='ocrx_word' id='word_1_347' title='bbox 932 4289 951 4320; x_wconf 88' lang='lat' dir='ltr'>z.</span> <span class='ocrx_word' id='word_1_348' title='bbox 968 4273 997 4322; x_wconf 86' lang='lat' dir='ltr'>B.</span> <span class='ocrx_word' id='word_1_349' title='bbox 1020 4273 1044 4322; x_wconf 92' lang='lat' dir='ltr'>in</span> <span class='ocrx_word' id='word_1_350' title='bbox 1069 4275 1124 4322; x_wconf 88' lang='lat' dir='ltr'>dem</span> <span class='ocrx_word' id='word_1_351' title='bbox 1141 4272 1224 4322; x_wconf 88' lang='lat' dir='ltr'>Worte</span> <span class='ocrx_word' id='word_1_352' title='bbox 1242 4271 1341 4332; x_wconf 56' lang='grc' dir='ltr'>δρᾶμ’</span> 
     </span>
     <span class='ocr_line' id='line_1_37' title="bbox 234 4353 1336 4418; baseline 0.004 -18"><span class='ocrx_word' id='word_1_353' title='bbox 234 4354 282 4416; x_wconf 86' lang='lat' dir='ltr'>vgl.</span> <span class='ocrx_word' id='word_1_354' title='bbox 301 4353 402 4412; x_wconf 75' lang='lat' dir='ltr'>Rosius,</span> <span class='ocrx_word' id='word_1_355' title='bbox 419 4353 468 4402; x_wconf 87' lang='lat' dir='ltr'>Der</span> <span class='ocrx_word' id='word_1_356' title='bbox 485 4353 633 4417; x_wconf 87' lang='lat' dir='ltr'>griechische</span> <span class='ocrx_word' id='word_1_357' title='bbox 652 4354 746 4401; x_wconf 88' lang='lat' dir='ltr'>Roman</span> <span class='ocrx_word' id='word_1_358' title='bbox 764 4353 787 4403; x_wconf 87' lang='lat' dir='ltr'>S.</span> <span class='ocrx_word' id='word_1_359' title='bbox 807 4353 862 4410; x_wconf 85' lang='lat'>350,</span> <span class='ocrx_word' id='word_1_360' title='bbox 882 4353 937 4402; x_wconf 86' lang='lat' dir='ltr'>adn.</span> <span class='ocrx_word' id='word_1_361' title='bbox 956 4356 981 4413; x_wconf 84' lang='grc'>3)</span> <span class='ocrx_word' id='word_1_362' title='bbox 998 4355 1044 4403; x_wconf 89' lang='lat' dir='ltr'>mit</span> <span class='ocrx_word' id='word_1_363' title='bbox 1062 4355 1186 4418; x_wconf 84' lang='lat' dir='ltr'>Nachtrag</span> <span class='ocrx_word' id='word_1_364' title='bbox 1205 4355 1253 4402; x_wconf 91' lang='lat' dir='ltr'>und</span> <span class='ocrx_word' id='word_1_365' title='bbox 1271 4354 1336 4404; x_wconf 90' lang='lat' dir='ltr'>Seite</span> 
     </span>
     <span class='ocr_line' id='line_1_38' title="bbox 184 4433 1034 4500; baseline 0.002 -17"><span class='ocrx_word' id='word_1_366' title='bbox 184 4459 186 4463; x_wconf 55' lang='lat'>&gt;</span> <span class='ocrx_word' id='word_1_367' title='bbox 236 4435 285 4484; x_wconf 80' lang='lat'>450</span> <span class='ocrx_word' id='word_1_368' title='bbox 304 4436 359 4484; x_wconf 83' lang='lat' dir='ltr'>adn.</span> <span class='ocrx_word' id='word_1_369' title='bbox 378 4435 426 4497; x_wconf 80' lang='lat'>2)&#39;’.</span> <span class='ocrx_word' id='word_1_370' title='bbox 445 4436 482 4485; x_wconf 84' lang='lat' dir='ltr'>Cf.</span> <span class='ocrx_word' id='word_1_371' title='bbox 501 4442 525 4484; x_wconf 88' lang='lat' dir='ltr'>et</span> <span class='ocrx_word' id='word_1_372' title='bbox 541 4436 623 4500; x_wconf 91' lang='lat' dir='ltr'>Steph.</span> <span class='ocrx_word' id='word_1_373' title='bbox 642 4435 713 4484; x_wconf 79' lang='lat' dir='ltr'>Thes.</span> <span class='ocrx_word' id='word_1_374' title='bbox 732 4434 801 4498; x_wconf 79' lang='lat' dir='ltr'>Ling.</span> <span class='ocrx_word' id='word_1_375' title='bbox 819 4435 859 4484; x_wconf 83' lang='lat' dir='ltr'>Gr.</span> <span class='ocrx_word' id='word_1_376' title='bbox 878 4435 925 4484; x_wconf 74' lang='lat' dir='ltr'>iv.</span> <span class='ocrx_word' id='word_1_377' title='bbox 945 4433 1034 4497; x_wconf 70' lang='grc' dir='ltr'>δρᾶμα.</span> 
     </span>
    </p>
   </div>
   <div class='ocr_carea' id='block_1_6' title="bbox 0 0 1684 5262">
    <p class='ocr_par' dir='ltr' id='par_1_8' title="bbox 0 0 1684 5262">
     <span class='ocr_line' id='line_1_39' title="bbox 0 0 1684 5262; baseline 0 0"><span class='ocrx_word' id='word_1_378' title='bbox 0 0 1684 5262; x_wconf 95' lang='lat' dir='ltr'> </span> 
     </span>
    </p>
   </div>
  </div>
 </body>
</html>
