3354 5262
901 487 944 552 42

377 673 460 734 inter
490 691 523 735 se
552 675 774 754 comparasset,
801 689 888 734 sacra
910 667 1032 734 Cereris
1055 667 1235 732 Eleusiniae
1259 669 1467 753 Aegyptiacis

376 813 438 857 non
462 811 529 856 esse
553 789 722 856 dissimilia
745 810 948 867 asseverasse,
972 811 1035 854 non
1058 794 1106 854 est
1129 787 1212 873 qnod
1234 790 1398 854 miremur.

421 910 469 976 Ne
497 915 603 976 tamen
631 910 759 998 longius
789 911 1006 997 procedamus,
1037 909 1140 974 multa
1163 931 1220 974 nos
1241 913 1372 976 monent
1394 914 1467 972 tum

377 1034 581 1117 antiquorum
599 1038 780 1118 temporum
801 1031 955 1118 exempla,
976 1039 1048 1096 tum
1062 1034 1284 1096 recentiorum.
1297 1029 1469 1096 Tibetanae

378 1177 404 1222 e.
428 1177 461 1241 g.
497 1157 704 1220 caerimoniae
739 1154 778 1219 ad
808 1149 1045 1220 Catholicarum
1077 1155 1340 1218 caerimoniarum
1371 1172 1468 1236 quam

376 1279 519 1363 proxime
551 1277 702 1342 accedunt
729 1273 921 1361 speciem1);
953 1296 1010 1340 nec
1033 1281 1140 1340 tamen
1162 1274 1233 1338 ideo
1257 1273 1356 1338 Lama
1380 1274 1469 1338 omni

377 1419 416 1476 ex
445 1399 536 1484 barte
566 1419 623 1482 pro
654 1398 795 1463 Romano
825 1396 989 1462 habendus
1021 1402 1068 1462 est
1098 1395 1254 1483 pontifice.
1283 1395 1384 1460 Sinici
1404 1414 1468 1458 uno

377 1520 549 1605 eodemque
568 1525 710 1605 tempore
729 1519 835 1605 plures
858 1519 1000 1604 profiteri
1018 1517 1188 1605 religiones
1207 1517 1292 1582 haud
1311 1519 1467 1592 recusant,

376 1643 581 1726 inveniesque
600 1641 731 1706 fortasse
749 1639 817 1704 illio
838 1638 957 1706 Christi
976 1639 1190 1724 Buddbaeque
1208 1640 1367 1724 imagines
1376 1639 1468 1702 iuxta

375 1765 509 1847 positas,
530 1783 586 1826 nec
604 1767 712 1827 tamen
730 1762 803 1827 inde
824 1762 948 1839 efficias,
968 1737 1305 1826 nihilinteresseinter
1317 1757 1469 1825 Christia

376 1905 450 1948 nam
474 1883 569 1948 fidem
592 1905 627 1948 ac
647 1883 890 1948 Buddhistioam
908 1883 1153 1970 philosophiam.
1174 1882 1219 1946 Ut
1238 1879 1384 1965 exemplo
1396 1884 1468 1944 utar

377 2027 416 2070 ex
444 2008 513 2091 ipsa
542 2005 599 2070 illa
630 2005 766 2070 Romani
795 2008 925 2090 imperii
958 2010 1060 2070 aetate
1094 2007 1212 2089 petito:
1249 2001 1333 2082 Quis
1356 2003 1466 2079 nescit,

377 2125 515 2212 Magnae
537 2129 650 2192 matris
673 2127 797 2191 cultum
817 2148 891 2191 oum
911 2127 1082 2191 Mithriaoo
1101 2124 1192 2190 cultu
1210 2125 1308 2189 fuisse
1324 2124 1469 2189 coniunc

377 2245 562 2312 tissimum?
596 2249 701 2333 Atque
736 2269 810 2312 cum
843 2247 900 2312 illo
934 2250 968 2312 in
1002 2247 1092 2312 cultu
1123 2245 1340 2311 taurobolium
1370 2244 1469 2309 fuerit

374 2371 634 2446 usitatissimum,
653 2367 870 2434 taurobolium
890 2374 922 2434 et
941 2389 1016 2434 vere
1035 2367 1241 2432 Mithriacam
1259 2367 1357 2431 fuisse
1376 2366 1470 2430 caeri-

377 2493 517 2555 moniam
540 2491 705 2575 huousque
727 2511 821 2556 nemo
844 2512 906 2556 non
929 2511 985 2575 pro
1010 2495 1094 2555 certo
1112 2491 1226 2554 statuit
1233 2509 1242 2566 ;
1263 2488 1317 2557 sed
1335 2508 1403 2552 rem
1422 2488 1470 2551 ita

376 2634 439 2678 non
455 2596 536 2678 'esse
566 2613 798 2678 demonstravit
828 2609 962 2679 (11110111
975 2617 1011 2692 ²),
1035 2633 1097 2698 quo
1118 2633 1212 2676 nemo
1233 2613 1268 2674 in
1290 2610 1384 2676 rebus
1407 2609 1468 2674 Mi-

374 2734 505 2800 thriacis
536 2734 673 2800 habetur
699 2737 865 2802 versatior.
889 2734 999 2800 Nonne
1023 2733 1180 2799 eiusmodi
1204 2731 1388 2817 exemplum
1410 2751 1468 2796 nos

288 2855 290 2860 ’
377 2856 468 2922 docet
499 2859 682 2922 cautissime
713 2862 745 2921 et
775 2858 809 2920 in
832 2855 910 2920 alias
934 2859 1140 2940 antiquorum
1162 2861 1344 2939 temporum
1366 2853 1469 2936 inqui·

374 2978 510 3044 rendum
533 2999 600 3043 esse
623 2978 802 3064 religiones,
827 2998 865 3042 ne
889 2983 1008 3042 temere
1030 2975 1264 3041 confundamus
1288 2969 1415 3038 omnia?

420 3099 573 3184 Denique,
593 3105 631 3164 ut
645 3101 679 3162 in
691 3119 852 3164 summam
864 3097 992 3163 tandem
1004 3095 1195 3183 complectar
1207 3089 1467 3180 disputationem,

374 3223 514 3287 breviter
538 3222 643 3285 omnia
662 3240 742 3304 quae
760 3223 845 3284 inter
863 3219 1063 3284 Eleusiniaca
1080 3219 1234 3304 mysteria
1253 3223 1347 3301 atque
1367 3214 1468 3280 Isiaca

375 3343 589 3407 interfuerunt
608 3343 809 3408 enumerabo.
833 3340 1032 3406 Eleusiniaoa
1051 3342 1145 3406 certis
1158 3340 1334 3426 agebantur
1345 3338 1466 3414 diebus,

376 3463 474 3528 Isiaco
493 3465 630 3528 incertis.
647 3463 856 3528 Eleusiniacis
868 3462 920 3528 vel
931 3464 1055 3538 centeni
1067 3482 1130 3526 una
1141 3461 1360 3542 initiabantur,
1369 3460 1468 3523 etiam

378 3583 500 3672 singuli
521 3583 640 3648 Isiaois.
665 3583 875 3649 Eleusiniaois
898 3581 1082 3668 quemlibet,
1102 3580 1274 3646 dummodo
1292 3601 1332 3644 ne
1351 3576 1467 3643 scelere

376 3705 520 3771 foedatus
549 3705 601 3770 vel
632 3705 783 3770 barbarus
813 3709 905 3781 esset,
936 3705 1059 3767 initiari
1082 3702 1136 3772 fas¹
1152 3707 1237 3779 erat3
1260 3700 1370 3766 Isiacis
1392 3720 1467 3764 eum

376 3831 515 3905 tantum,
540 3847 636 3912 quem
658 3829 728 3912 ipsa
748 3825 902 3912 deligeret
922 3824 988 3903 dea,
1008 3826 1042 3888 in
1061 3845 1171 3888 somno
1190 3843 1258 3888 sese
1277 3825 1307 3886 ei
1326 3820 1465 3887 offerens.

376 3947 414 4012 In
436 3947 647 4013 Eleusiniacis
668 3947 758 4013 locus
777 3969 839 4011 non
857 3952 924 4011 erat
942 3944 1147 4031 astrologiae;
1167 3943 1355 4029 astrologiae
1374 3943 1467 4009 habe

377 4069 472 4134 batur
492 4071 573 4134 ratio
597 4072 630 4133 in
653 4068 772 4135 Isiacis.
795 4067 857 4149 Qui
878 4070 912 4132 in
934 4067 1141 4134 Eleusiniacis
1160 4066 1409 4131 admittebantur
1427 4063 1466 4130 ad

378 4225 547 4234 -m-—n-—n—

412 4301 436 4359 1)
454 4297 491 4347 (li.
511 4315 531 4347 e.
540 4315 562 4362 g.
580 4298 673 4346 11111111
690 4299 706 4347 i.
716 4315 738 4348 v.
757 4297 917 4356 Lamaismns,
931 4297 956 4345 in
970 4295 1064 4344 Wetzar
1079 4295 1128 4344 und
1142 4295 1233 4345 Walter
1245 4294 1461 4344 Kirobenlcxikon¹

377 4387 435 4430 tom.
452 4380 508 4440 VII,
525 4398 548 4446 p.
567 4381 631 4430 1383
641 4398 676 4445 sq.

411 4466 435 4528 2)
453 4464 562 4514 (11110111
579 4466 595 4514 i.
608 4482 630 4516 1,
648 4465 760 4527 Mithrae,
778 4481 801 4530 p.
816 4464 881 4516 3061
887 4483 893 4524 3
910 4463 996 4515 Γ1111111
1013 4468 1037 4516 ct
1054 4463 1120 4516 Mon.
1138 4469 1197 4515 tom.
1214 4463 1234 4521 1,
1252 4479 1276 4530 p.
1294 4462 1342 4511 834
1357 4462 1414 4510 adn.
1431 4461 1463 4522 11).
