3354 5262
768 492 788 556 3

228 681 260 739 01
282 675 342 739 hoc
365 675 512 758 opinione
531 693 734 757 praesumere
753 671 839 750 iicet,
859 671 963 737 multa
981 674 1016 736 in
1036 675 1200 758 mysteriis
1219 673 1327 750 fuisse,

228 815 307 880 quea
337 815 394 859 nec
424 793 519 859 lineis
542 794 727 859 adumbrari
750 771 886 878 possent,
912 814 969 858 nec
993 793 1126 880 depingi
1148 791 1330 858 coloribus?

271 915 376 981 Maior
398 918 433 980 in
451 915 609 981 librorum
628 917 856 991 monumentis,
875 916 936 978 etsi
954 916 1099 998 ipsorum
1118 916 1244 978 nonnisi
1260 935 1330 979 raro

226 1036 263 1101 fit
280 1039 402 1101 mentio
421 1037 651 1122 mysteriorum
671 1035 854 1112 Isiacorum,
876 1033 1018 1118 ponenda
1038 1039 1086 1099 001
1103 1055 1183 1119 spes.
1204 1033 1333 1099 Scilicet

227 1179 303 1222 cum
329 1155 395 1234 alii,
420 1162 492 1220 tum
514 1154 565 1220 illi
590 1157 785 1240 praesertim,
810 1153 955 1220 Platonis
980 1156 1035 1239 qui
1058 1153 1177 1220 addicti
1200 1155 1332 1219 fuerunt

227 1277 365 1362 placitis,
396 1279 430 1340 in
460 1277 555 1341 rebus
584 1277 795 1362 Aegyptiacis
825 1274 996 1360 Isiacisque
1027 1277 1228 1340 caerimoniis
1263 1279 1331 1339 tam

228 1399 348 1463 versati
369 1401 468 1474 erent,
492 1401 531 1460 ut
554 1417 593 1460 ex
616 1397 742 1481 scriptis
766 1416 878 1460 eorum
900 1395 1056 1480 quaedam
1081 1401 1164 1460 certe
1188 1401 1220 1460 01
1244 1394 1330 1460 hisce

229 1518 267 1583 de
296 1519 460 1602 mysteriis
492 1515 542 1582 vel
573 1515 693 1581 efficere
723 1515 819 1581 liceat
849 1515 902 1582 vel
925 1518 1089 1581 coniicere.
1122 1513 1275 1581 Necnon
1299 1520 1331 1580 01

229 1660 275 1716 00,
295 1659 375 1724 quae
395 1638 433 1703 de
452 1637 523 1702 aliis
543 1639 753 1703 innotuerunt
771 1635 889 1714 teletis,
911 1637 951 1702 ed
971 1637 1083 1702 isiacae
1103 1635 1217 1701 teletas
1236 1657 1333 1722 quan-

228 1759 332 1844 doque
366 1758 515 1822 edbibere
545 1778 714 1843 possumus
741 1756 958 1833 illustrandas,
984 1777 1180 1842 quamquem
1203 1778 1345 1843 magno--

228 1901 303 1964 pere
326 1881 378 1943 hic
409 1877 586 1944 cavendum
610 1881 667 1954 est,
692 1897 731 1940 ne
754 1877 873 1942 diversi
892 1879 1019 1962 generis
1038 1897 1088 1941 res
1108 1878 1192 1943 inter
1212 1899 1245 1942 se
1265 1899 1336 1943 con·

229 1998 402 2063 fundemus
425 2004 521 2083 atque
545 1999 803 2082 permisceamus.

175 2135 182 2149 ¹
276 2117 428 2182 Ordinem
451 2122 559 2182 autem
583 2117 756 2182 disserendi
779 2117 864 2181 hunc
888 2118 972 2181 mihi
995 2121 1160 2204 proposui:
1184 2119 1334 2183 Primum

230 2241 375 2304 virorum
399 2239 565 2304 doctorum
589 2238 627 2304 de
650 2240 758 2305 isiacis
781 2241 945 2324 mysteriis
968 2240 1135 2304 recensebo
1159 2242 1334 2325 opiniones,

229 2365 267 2426 ut
287 2380 384 2444 quam
403 2362 526 2445 optime
545 2363 704 2443 appareat,
724 2378 863 2442 quonam
875 2362 909 2423 in
922 2365 1009 2425 statu
1021 2367 1167 2426 versetur
1179 2362 1331 2446 quaestio.

234 2482 303 2562 Qua
333 2485 366 2546 in
396 2503 430 2546 re
461 2501 616 2566 perquam
646 2479 746 2558 doleo,
779 2481 863 2564 quod
893 2481 956 2546 duo
982 2480 1068 2559 libri,
1094 2503 1173 2568 quos
1195 2481 1332 2547 libenter

233 2605 458 2690 inspexissem,
489 2600 614 2687 Jeeglei
646 2600 714 2666 dico
744 2601 1001 2666 dissertationem
1023 2602 1247 2688 inauguralem
1273 2601 1333 2680 „de

235 2723 370 2810 Apuleio
393 2724 557 2808 mysteriis
580 2727 631 2786 ter
652 2723 800 2786 initieto’'
814 2722 837 2806 ¹)
859 2721 1072 2807 Boulagiique
1085 2722 1334 2807 disputationem

237 2845 297 2924 „de
326 2843 419 2908 isidis
448 2841 633 2929 mysteriis’'
647 2840 683 2920 ²),
709 2841 749 2906 ad
771 2861 885 2906 manus
909 2863 972 2906 non
996 2843 1135 2908 fuerunt.
1169 2845 1273 2928 Atque
1297 2843 1336 2908 10

235 2963 360 3050 Jaeglei
394 2962 614 3028 dissertatione
649 2982 750 3046 peuce
784 2963 914 3046 quidem
945 2984 984 3028 ex
1015 2962 1153 3028 editione
1185 2967 1336 3042 auctiore,

236 3107 332 3172 quam
357 3086 461 3170 operis
484 3082 686 3148 Sancruciani
711 3083 771 3160 „de
789 3103 989 3169 paganorum
1007 3084 1193 3170 mysteriis''
1212 3087 1338 3150 curavit

236 3225 278 3271 00
300 3205 394 3283 Secu,
421 3204 542 3270 efficere
566 3207 674 3290 potui;
699 3204 849 3290 Boulegii
871 3226 947 3270 vero
970 3204 1046 3269 libri
1069 3227 1125 3270 000
1149 3205 1256 3271 volem
1279 3227 1336 3270 un-

238 3348 333 3413 quam
353 3327 462 3392 100001
482 3345 539 3390 000
559 3327 747 3412 vestigium.
768 3313 890 3389 Deinde
902 3345 999 3410 quare
1012 3328 1156 3392 virorum
1169 3325 1335 3390 doctorum

239 3622 316 3658 01000
334 3626 356 3657 0.
375 3605 440 3658 1817
458 3607 481 3655 10
501 3604 714 3668 „Abhendlungen
731 3605 769 3652 fiir
787 3605 826 3653 110
842 3604 929 3654 Kunde
946 3605 988 3654 des
1005 3605 1209 3668 Morgenlendes”
1225 3603 1255 3654 D.
1265 3605 1300 3652 M.
1311 3605 1340 3651 G.

241 3691 262 3750 I,
279 3690 326 3740 IV:
345 3716 393 3750 „-
410 3704 495 3738 unsara
512 3686 644 3736 Kenntniss
661 3686 718 3735 eber
736 3702 782 3734 von
800 3686 842 3734 der
860 3686 1060 3751 urspringlichsn
1077 3686 1221 3750 Bedeutung
1235 3685 1341 3734 Mithres

242 3774 291 3822 und
308 3773 386 3822 seiner
403 3767 975 3835 10000000000010000000000000
993 3769 1102 3817 dedurch
1119 3772 1161 3830 (sc.
1179 3767 1342 3816 monumentis

243 3855 344 3914 effossis)
354 3854 422 3903 hcine
433 3868 515 3918 yrorcc
529 3851 693 3914 Errocitcruny
707 3850 857 3914 gewinnen”,
872 3856 897 3899 01
911 3857 966 3899 0010
980 3851 1055 3899 ferme
1069 3850 1153 3899 lustris
1167 3855 1223 3915 post
1231 3849 1341 3898 000000

242 3936 260 3986 i.
275 3952 297 3985 v.
314 3935 428 3994 Mithres,
442 3934 500 3984 Irex.
514 3933 602 3982 Rosch.
614 3939 665 3981 tom
679 3931 713 3990 II,
723 3948 746 3997 p.
757 3932 836 3981 3062:
853 3932 915 3990 „Die
929 3931 1097 3981 Einzelheiten
1107 3932 1148 3981 der
1157 3932 1343 3981 verschiedenen

243 4017 424 4074 Ceramenieen,
447 4017 486 4065 110
509 4015 585 4064 durch
606 4015 649 4063 des
666 4013 751 4062 Rituel
770 4014 968 4077 vorgeschrieben
986 4030 1073 4072 weron,
1091 4015 1186 4063 werden
1206 4031 1250 4063 uns
1266 4014 1344 4063 leider

244 4100 320 4150 durch
337 4099 376 4148 110
394 4099 488 4162 Anlege
505 4098 547 4146 der
564 4087 743 4146 ilrtlichkeiten
761 4095 828 4145 nicht
844 4096 977 4146 enthdllt.”
995 4097 1032 4145 cf.
1050 4102 1075 4145 01
1092 4113 1154 4161 quea
1172 4097 1201 4145 dc
1218 4096 1345 4145 Bacchicis

243 4181 366 4247 mysteriis
383 4180 521 4230 observavit
537 4178 566 4228 1.
583 4179 730 4227 Turenum
746 4178 763 4227 i.
781 4194 804 4227 v.
820 4177 950 4242 Dionysus,
966 4178 1023 4228 Lex.
1039 4179 1128 4228 Rosch.
1143 4184 1193 4228 tom
1203 4178 1225 4236 l,
1237 4195 1260 4242 p.
1271 4179 1345 4227 1149.

279 4264 303 4325 1)
319 4263 343 4313 J.
360 4263 384 4310 J.
401 4262 511 4322 100000,
527 4261 563 4310 110
581 4260 609 4309 L.
628 4260 731 4326 Apuleio
752 4260 928 4326 Aegyptiorum
944 4261 1065 4325 mysteriis
1081 4267 1119 4310 ter
1135 4260 1346 4324 1011010103οη-

244 4343 410 4396 1000111781.
459 4351 461 4354 “

280 4428 304 4489 11)
321 4427 349 4476 ’1.
366 4427 394 4476 P.
412 4427 544 4486 Bounserr,
561 4426 610 4474 Des
627 4424 743 4490 mystdree
760 4424 840 4484 d'Isis,
857 4425 929 4474 Paris
949 4425 1021 4476 1820.
