3350 5264
708 469 774 536 129

191 651 384 731 νἰνοίλριοιτα,
415 643 437 717 οδ
469 650 617 730 ἐξελθόντι
648 657 700 718 τοῦ
733 651 844 718 ιίδιίτον
860 651 970 717 πόλιν
999 653 1146 730 ’γίγνεται
1168 637 1281 735 πρῶτα

190 775 274 852 μετὰ
295 775 329 838 τὸ
349 771 427 838 ἔνδον
446 773 558 851 όέοιμα,
580 772 632 837 καὶ
652 774 706 848 τδρν
727 774 792 838 ἐκεῖ
802 773 967 839 συνουσίαν
987 773 1057 856 πρός
1078 777 1130 840 οὐκ
1144 773 1282 854 ἄγαλμα

191 895 251 961 οὐδ’
284 893 394 972 εἰκόνα,
426 896 500 959 ἀλλ’
532 894 619 973 αὐτό,
651 886 673 959 όν
705 895 739 968 δὴ
771 899 825 975 (sc.
851 895 892 958 τόι
916 895 1112 978 οίνοίλριατα)
1136 899 1286 976 γίγνεται

192 1016 317 1094 δεύτερα
348 1017 505 1092 όεόμαποι.
529 1015 563 1080 τό
587 1016 617 1081 δὲ
642 1013 711 1088 icoc
738 1012 770 1091 ἦν
794 1018 826 1082 οὐ
851 1015 964 1094 όόαρια,
990 1019 1077 1082 cited
1102 1015 1203 1108 όίιιλος
1221 1018 1292 1099 πρό

191 1161 246 1209 πος
266 1143 319 1202 τοῦ
342 1139 423 1223 iasa,
450 1136 605 1217 ἔνστασις,
629 1137 680 1202 καί
705 1135 856 1216 όίπλιισις,
881 1138 931 1202 καὶ
957 1137 1088 1210 ε’πίδοσις
1107 1141 1207 1205 Ιαὐτοῖν
1231 1140 1295 1205 καί

192 1258 296 1340 ἔφεσις
322 1260 392 1338 πρὸς
416 1259 502 1341 -ιὶφίρν
526 1260 577 1324 καί
602 1259 710 1332 στοίσις
736 1259 788 1325 καὶ
814 1262 979 1339 περινόησιν
1000 1263 1070 1342 πρός
1093 1263 1283 1346 ἐφαρμογιίνς

192 1381 276 1461 είπερ
300 1381 404 1453 τιςτό
428 1382 458 1445 ἕν
482 1383 522 1460 τῷ
547 1382 647 1460 atera
671 1380 826 1446 όειίσεται.
850 1381 947 1448 Hisce
970 1385 998 1447 ei
1022 1385 1100 1468 quis·
1114 1385 1198 1448 inest
1220 1405 1286 1448 scn-

192 1524 256 1581 sus,
292 1503 431 1588 profecto
465 1505 501 1567 is·
527 1503 587 1580 est,¹
622 1503 811 1588 quibusdam
842 1507 875 1568 in
908 1503 1013 1568 teletis
1044 1526 1108 1569 non
1128 1507 1286 1591 imagines

193 1625 325 1690 deorum
348 1646 445 1690 manu
468 1625 567 1690 fectae
590 1624 643 1689 sed
666 1627 750 1709 ipsos
775 1625 847 1690 deos
871 1625 990 1690 vidisse
1012 1627 1166 1701 initiatos,
1191 1633 1232 1691 s'c.
1251 1628 1292 1689 in:

193 1745 348 1824 ἔνστασιν,
380 1746 417 1811 de
448 1767 510 1831 qua
541 1748 558 1830 ᾗ
586 1743 625 1812 17
657 1745 802 1832 pluribus
833 1749 971 1833 egimus,
1003 1752 1193 1834 provectos
1210 1744 1293 1825 Nec,

194 1891 348 1955 quasnam
371 1868 423 1933 hic
446 1869 594 1953 spectarit
618 1867 763 1932 Plotinus
787 1867 909 1946 teletas,
929 1871 963 1934 in
981 1871 1101 1934 incerto
1118 1873 1177 1933 est.
1209 1867 1296 1932 Erat

193 1989 341 2056 Plotinus
372 1988 526 2076 Lycopoli
556 1991 590 2052 in
622 1989 736 2074 oppido
768 1989 912 2076 Aegypti
942 1996 1045 2066 natue,
1078 1987 1293 2054 Alexandriae-

194 2113 250 2178 diu
280 2113 448 2195 habitavit,
482 2111 536 2175 diu
560 2115 592 2174 et
614 2111 743 2187 Romae,
768 2111 824 2175 ubi
846 2111 940 2175 Isidis
964 2108 1070 2176 cultus
1094 2115 1166 2174 tum
1191 2114 1298 2194 quam'*

193 2237 334 2301 maxime
360 2233 500 2310 florebat,
533 2233 806 2319 Aegyptiacorum
837 2233 1037 2297 sacerdotum
1061 2219 1297 2297 consuetudine

193 2357 353 2433 utebatur,
372 2360 414 2419 'ut
438 2356 455 2439 ξ
481 2353 521 2418 15
546 2375 576 2438 p.
602 2352 644 2419 86
669 2353 820 2419 vidimus.
847 2353 929 2434 Quid
953 2361 1028 2440 ergo
1051 2357 1181 2431 mirum,
1206 2355 1234 2418 si
1257 2359 1290 2418 et
1395 2335 1397 2349 ’

194 2480 376 2544 secretiores
407 2478 622 2562 Aegyptiacae
651 2463 817 2562 religionis
841 2479 1047 2542 caerimonias
1069 2453 1215 2562 pernotas
1236 2457 1297 2541 ha?

195 2600 276 2676 buit,
309 2599 336 2662 si
366 2618 440 2662 eum
470 2595 569 2660 isiaca
599 2597 779 2661 initiatione
811 2617 971 2662 summam
990 2597 1185 2684 'philosophi
1199 2578 1299 2664 ‘coms

195 2723 321 2806 pararit
343 2715 578 2783 initiationem?

240 2843 305 2907 Nec
329 2841 482 2927 Synesius
505 2837 713 2925 philosophus
737 2837 864 2904 silentio
887 2841 940 2904 hic
964 2843 1012 2906 est
1031 2839 1288 2925 praetereundus.

196 2963 258 3044 Qui
281 2967 315 3027 in
336 2961 446 3028 libello
470 2961 508 3026 da
530 2960 737 3026 Providentia
756 2963 950 3046 inimicitias,
973 2983 1052 3046 quae
1070 2964 1153 3026 inter
1172 2961 1294 3026 Osirim

196 3106 239 3150 ac
255 3083 443 3170 Typhonem
467 3083 564 3160 fuere,
583 3084 634 3146 sic
657 3072 835 3159 enarravit,
851 3087 888 3146 nt
912 3081 949 3146 de
972 3083 1066 3147 rebus
1085 3081 1291 3169 Aegyptiacis

197 3207 351 3293 quaedam
385 3205 511 3270 aliunde
546 3227 610 3270 non
644 3210 719 3269 nota
748 3204 822 3270 inde
852 3204 1020 3270 discamus.
1051 3204 1152 3269 Erant
1181 3209 1301 3270 autem

198 3327 295 3396 Osiris
319 3348 353 3392 ac
376 3326 502 3414 ryphn
527 3329 555 3390 si
578 3325 749 3412 Synesium
773 3325 932 3404 audimus,
956 3325 1015 3390 filii
1034 3328 1129 3412 regis,
1149 3325 1204 3390 ille
1223 3325 1302 3390 nul?

196 3447 323 3514 lisnon
346 3454 476 3513 ornatus
500 3448 686 3524 virtutibus,
710 3446 762 3512 hic
784 3446 883 3511 nullis
907 3468 969 3511 non
989 3449 1078 3512 vitiis
1097 3433 1290 3533 flagitiisque

197 3573 393 3657 inquinatus.
425 3568 536 3653 Itaque
561 3590 635 3633 cum
658 3571 729 3653 regi
751 3570 816 3632 iam
840 3569 930 3633 annis
952 3574 1086 3654 gravato
1110 3571 1166 3652 qui
1189 3549 1305 3635 succe-7²

163 3753 165 3757 Α
199 3691 296 3768 deret,
317 3695 485 3768 crearetur,
505 3690 602 3754 bonos
622 3688 748 3766 Osiridi,
769 3691 945 3774 pessimum
966 3709 1124 3774 quemque
1142 3688 1303 3776 Typhoni'

198 3814 324 3878 favisse.
348 3813 471 3908 Regem
494 3818 603 3876 autem
627 3811 712 3896 apud
735 3813 912 3898 Aegyptios
938 3814 983 3876 sic
1002 3815 1109 3891 creari,
1130 3818 1172 3876 ut
1185 3833 1291 3878 coram

199 3933 317 4020 populo
349 3937 381 3998 et
410 3933 586 3999 sacerdotes
616 3932 766 4019 suffragia
795 3932 913 3998 ferrent
943 3939 974 3998 et
998 3933 1128 4017 milites,
1153 3934 1211 3998 κίον
1236 3933 1291 4010 μὲν

200 4055 396 4137 ἀγχώμαλον
420 4052 437 4136 ᾖ
463 4055 496 4120 τό
521 4058 644 4136 πλῆθος,
664 4053 815 4131 βασιλεὺς
837 4055 1030 4134 ἐπιψηφίσας
1053 4053 1165 4138 όατόρρι
1183 4054 1291 4134 μερίδι,

201 4177 288 4255 παροδ
312 4176 390 4240 πολὺ
414 4174 507 4256 μείζω
532 4183 619 4254 ποιεί,
644 4184 682 4256 τῇ
706 4174 736 4239 δὲ
758 4173 1102 4256 irrecompensatum
1124 4175 1310 4249 ἑαντόνείς-“

201 4296 262 4364 όσον
294 4298 481 4378 καόίσπνσιν,
515 4296 583 4362 ἔνόα
615 4296 777 4362 όναίίσόαι
802 4296 849 4361 δεῖ
870 4299 923 4372 τὴν
945 4298 1134 4378 χειροτονίαν
1158 4298 1209 4362 καί
1235 4287 1293 4362 τῶν

203 4421 271 4485 ίεῶν
295 4419 432 4500 ἓχεσίαι,
457 4417 706 4501 προσεδρεύοντας
731 4443 765 4483 τε
790 4417 885 4483 πλείω
909 4417 1027 4499 χρόνονρ
1048 4421 1100 4485 καί
1124 4418 1306 4484 οίπταιστόϊ

1156 4542 1171 4590 9
