3350 5264
713 493 775 586 149

201 670 238 734 dc
269 669 457 737 Christianis
485 672 574 738 locus
605 675 698 754 (Ann.
723 671 793 751 XV,
818 673 874 755 44)
896 677 1016 740 iustam
1037 683 1147 742 morat
1169 677 1290 743 fraudis

200 795 426 878 suspicionem;
449 795 477 858 si
496 794 548 858 hic
567 797 700 880 integer,
722 794 872 880 epistolae
890 795 964 860 illae
982 795 1086 861 Plinio
1106 803 1138 862 ct
1157 797 1291 863 Traiano

197 918 272 977 sunt
296 913 532 979 abiudicandae.

724 1202 769 1276 X.

249 1489 321 1554 Tac.
353 1490 435 1554 Ann.
467 1489 520 1567 VI,
553 1489 612 1556 50:
647 1490 736 1569 „Iam
767 1491 930 1557 Tiberium
961 1514 1084 1579 corpus,
1107 1497 1174 1559 iam
1196 1499 1291 1574 vires,

199 1610 340 1676 nondum
363 1610 576 1676 dissimulatio
598 1612 791 1678 deserebat'’.

247 1731 333 1817 Lege
363 1733 477 1809 „vires
501 1733 567 1796 iam
591 1731 679 1796 vita’'
703 1753 760 1817 pro
785 1753 929 1818 „corpus
953 1736 1017 1798 iam
1041 1734 1157 1799 vires'’.

713 2054 776 2130 m.
797 2150 799 2154 Ι

245 2331 341 2418 Apul.
373 2330 420 2396 De
451 2331 508 2396 deo
538 2329 623 2395 Socr.
649 2329 710 2394 20:
738 2332 802 2407 „At
825 2333 911 2394 anim
935 2331 1110 2396 secundum
1134 2331 1294 2418 Pythago-

198 2457 280 2519 ricos
315 2455 425 2518 mirari
459 2451 573 2538 oppido
608 2451 726 2536 solitos,
763 2455 791 2517 si
826 2455 896 2537 quis
932 2473 965 2516 sa
995 2458 1125 2539 negaret
1151 2475 1294 2539 unquam

131 2635 133 2641 .
199 2576 316 2640 vidisse
351 2574 547 2651 daemonem,
580 2575 667 2650 satis,
699 2577 736 2636 ut
766 2595 844 2650 reor,
867 2573 1000 2638 idoneus
1024 2579 1202 2639 auctorest
1227 2576 1294 2639 Ari-

199 2695 359 2763 stoteles’'.

245 2817 398 2883 Deleatur
423 2815 650 2894 ,‚secundum''.

702 3093 786 3168 ΧΠ.
852 3057 855 3066 ’

246 3371 333 3437 Tert.
350 3371 439 3437 Λᾶν.
463 3368 585 3434 Valent.
613 3373 649 3434 1:
676 3365 846 3446 „Getarum
869 3375 935 3433 tota
953 3371 986 3432 in
1006 3368 1112 3454 adytis
1132 3369 1294 3448 divinitas,

202 3501 270 3586 tcta
302 3495 437 3577 suspiria
460 3501 657 3577 emptarum,
683 3496 788 3554 totum
812 3488 1012 3574 signaculum
1035 3488 1174 3574 linguae,
1199 3493 1294 3555 simu-

199 3616 323 3681 lacrum
346 3613 483 3678 mcmbri
505 3612 610 3679 virilis
633 3611 826 3677 revelatur''.

246 3735 389 3821 Vestigia
412 3739 539 3799 secutus
562 3733 592 3800 J.
615 3732 761 3808 Pamelii,
781 3734 834 3797 hic
851 3730 1024 3816 legendum
1044 3734 1186 3816 suspicor
1206 3739 1294 3809 „tota

163 3864 166 3871 ’
202 3861 318 3944 siparia
339 3855 524 3943 portarum”
548 3877 605 3941 pro
629 3856 874 3939 „tota'suspiria
896 3852 1114 3939 epoptarum’'.

696 4163 798 4238 Xlll.
901 4149 903 4154 ⁵

249 4440 345 4506 Hom.
369 4439 397 4504 ll
420 4439 467 4505 IX
491 4461 521 4505 v.
549 4437 915 4503 188=290d010atur.
