3350 5264
773 1289 1033 1355 EPIMETRUM
1055 1288 1095 1353 Π.

716 1438 759 1504 ad
781 1439 857 1528 §15
879 1458 914 1523 p.
937 1438 976 1504 87
999 1438 1077 1504 adn.
1102 1436 1145 1526 l).

433 1625 515 1691 Deos
545 1647 580 1692 ae
610 1627 776 1692 daemones
808 1629 943 1712 magieis
966 1626 1252 1692 consecrationibus
1276 1630 1389 1692 statuis
1412 1627 1483 1692 alli-

388 1749 459 1833 gari
494 1769 583 1832 posse
614 1753 646 1812 et
675 1745 812 1831 gentiles
843 1769 900 1833 pro
931 1754 1015 1813 certo
1046 1748 1205 1812 habebant
1235 1754 1267 1813 et
1297 1745 1481 1840 Christiani.

389 1867 458 1948 Qua
488 1869 525 1933 de
556 1890 589 1933 re
618 1869 749 1934 Loaaca
774 1869 913 1954 quidem,
937 1868 977 1934 ad
1000 1889 1094 1954 quem
1118 1870 1135 1952 ᾖ
1162 1867 1202 1931 14
1226 1889 1256 1952 p.
1284 1867 1325 1932 56
1350 1868 1420 1936 adn.
1446 1870 1482 1950 1)

389 1989 610 2075 ablegavimus
644 1988 792 2068 lectores,
828 1991 929 2068 docte,
963 1995 1000 2054 ut
1036 1989 1161 2066 essolet,
1198 1989 1390 2076 disputavit;
1427 1991 1485 2056 sed

389 2116 496 2175 tamen
526 2110 641 2176 inutile
672 2133 732 2177 non
764 2113 834 2190 erit,
865 2131 966 2197 pauca
997 2111 1152 2196 quaedam
1184 2110 1307 2189 addere,
1332 2115 1484 2197 quoniam

390 2234 549 2316 imprimis
581 2232 734 2318 Origenes
761 2232 893 2298 huiusce
916 2235 1158 2298 consecrationis
1182 2233 1258 2298 facit
1280 2236 1487 2300 mentionem.

393 2351 442 2420 Cf.
465 2357 568 2440 igitur
591 2353 679 2441 Orig.
703 2353 788 2433 VIII,
814 2353 874 2419 41:
907 2356 981 2421 αλλ’
1005 2354 1076 2432 οὐδ’,
1101 2353 1139 2420 ίον
1162 2351 1216 2419 ὦσί
1241 2380 1318 2427 τινες
1344 2355 1486 2432 δαίμονες

393 2475 566 2556 ένιδρυμένοι
597 2475 675 2540 τισίν
709 2478 890 2554 οὶγοίλμασι,
924 2477 975 2541 καί
1008 2475 1167 2557 νομίζηται
1197 2477 1292 2553 σ’μέν
1315 2501 1363 2550 τις
1387 2479 1489 2543 αὐτῶν

393 2595 469 2666 εἶναι
500 2597 654 2676 Διθνυοος,
685 2598 698 2662 θ
726 2597 753 2662 δ’
777 2601 939 2676 Ἡρακλῆς,
963 2598 1028 2663 οὐδὲ
1053 2600 1168 2668 τούτοις
1193 2597 1402 2678 λοιδορούμεθα
1428 2605 1487 2680 (sc.

394 2723 481 2794 ιὶμεῖς
512 2720 537 2783 oi
570 2719 764 2804 Χριστίανοι).
789 2718 858 2797 VH,
884 2717 945 2783 35:
970 2719 1145 2800 (δαίμονας)
1169 2719 1487 2800 παρακατεχομένους

381 2818 422 2904 ’έν
453 2847 515 2910 τοῖς
547 2840 608 2904 aab
640 2846 694 2912 τνῖς
722 2841 883 2916 έπιθυμίας
908 2843 1008 2905 αὐτῶν
1029 2841 1305 2905 κατασκευασθεῖσι
1330 2841 1484 2920 δεσμωτη-

393 2963 478 3043 ρίοις·
503 2959 595 3027 ἅτινα
619 2961 683 3040 ίερίι
708 2963 777 3026 θεῶν
798 2959 948 3036 Ἕλληνες
970 2963 1170 3040 νενομίκασιν,
1191 2963 1266 3026 αλλ’
1288 2964 1375 3039 ἡμεῖς
1396 2962 1486 3040 ίομεν

394 3083 578 3148 ἀπατεώνων
613 3083 760 3160 δαιμόνων
794 3079 869 3147 εἶναι
905 3083 947 3148 τίς
982 3089 1111 3148 τοιαῦτα
1147 3085 1311 3164 οίκιρτιίρια,
1344 3084 1390 3152 lb.
1423 3083 1484 3149 64:

394 3204 561 3285 (δαίμονες)
584 3203 712 3268 τοιοῖσδε
737 3202 999 3285 παρακαθέζονται
1024 3207 1169 3287 οχιίμασι
1194 3205 1245 3269 καί
1269 3207 1400 3285 χωρίοις,
1422 3206 1485 3282 ἤτοι

396 3327 455 3392 aed
484 3349 569 3390 τινων
601 3329 804 3404 μαγγανειῶν
835 3327 1072 3399 κατακλιθέντες
1098 3326 1115 3403 ἢ
1141 3327 1191 3391 καί
1217 3325 1319 3399 ίίλλως
1350 3328 1484 3402 δονκθέν-

396 3473 447 3520 τες
472 3447 869 3526 προκαταλαβεῖνὲαυτοῖς
894 3449 1015 3527 πίπους,
1039 3448 1085 3513 Ib.
1112 3447 1172 3513 69:
1198 3449 1223 3513 oi
1247 3449 1303 3513 θεοί
1325 3456 1382 3513 τῶν
1402 3450 1487 3514 ἐθνῶν

396 3570 549 3646 δαιμόνια.
581 3568 669 3643 δῆλον
700 3568 731 3634 δὲ
763 3570 814 3634 καί
847 3575 934 3635 τοῦτο
967 3570 1000 3635 έκ
1027 3575 1079 3634 τοῦ
1108 3572 1149 3642 είς
1175 3571 1216 3634 τοὶ
1241 3570 1382 3635 δοκοῦντα
1409 3571 1486 3650 ε’νερ-
1513 3603 1515 3608 ·

396 3693 530 3770 γέστερα
559 3698 617 3757 τῶν
640 3690 837 3773 νομιζομένων
861 3693 943 3771 ίερῶν
967 3693 1167 3765 κατακλίσεις
1192 3694 1366 3771 περιέργους
1389 3717 1486 3770 γεγο-

397 3815 474 3880 νέναι
507 3814 558 3878 καί
591 3816 675 3879 κατα
704 3814 761 3885 τοῖς
786 3813 889 3894 οίρχοὶς
914 3821 969 3888 τῆς
994 3813 1132 3894 ίθριίσειος
1157 3821 1214 3879 τῶν
1237 3814 1353 3880 τοιῶνδε
1377 3816 1488 3891 ξοοίνων

398 3936 449 4001 καί
478 3941 557 4022 νεῶν,
583 3931 710 4008 ἅστινας
735 3935 935 4007 κατακλίσεις
961 3937 985 4000 οί
1010 3945 1048 4018 τῇ
1072 3939 1130 4001 τῶν
1153 3935 1300 4015 θαιμθνων
1324 3939 1374 4003 διὰ
1398 3960 1488 4014 μαγ-

397 4061 526 4137 γανειῶν
558 4058 702 4142 θεραπεία
733 4057 939 4138 σχολάζοντες
973 4059 1164 4133 πεποίηνται.
1195 4059 1233 4138 V,
1266 4058 1325 4125 38:
1358 4059 1424 4140 περὶ
1455 4059 1488 4124 δὲ

400 4179 572 4260 Σαροίπιδος
607 4182 707 4255 πολλίς
739 4180 790 4245 καί
824 4179 971 4260 διοίΦωνος
1000 4182 1128 4262 ἱστορία,
1151 4181 1224 4264 χθές
1250 4181 1301 4246 καί
1326 4183 1423 4261 προίυν
1446 4181 1489 4253 είς

399 4303 491 4380 μέσον
516 4303 650 4375 έλθίντος
675 4302 759 4368 κατοί
784 4325 870 4375 τινας
893 4304 1095 4380 μαγγανείας
1119 4307 1172 4368 τοῦ
1196 4303 1392 4381 βουληθέντος
1413 4312 1491 4367 Πτο-

400 4425 530 4502 λεμαίου
571 4425 655 4489 οίονεὶ
693 4425 829 4505 ἐπιφανῆ
866 4421 962 4499 δεῖξαι
998 4432 1060 4496 τοῖς
1097 4425 1126 4488 έν
1161 4422 1378 4510 Ἀλεξανδρεία
1413 4424 1488 4490 θεθν.
